<?xml version="1.0" encoding="UTF-8"?>
<!DOCTYPE html PUBLIC "-//W3C//DTD XHTML 1.0 Transitional//EN"
    "http://www.w3.org/TR/xhtml1/DTD/xhtml1-transitional.dtd">
<html xmlns="http://www.w3.org/1999/xhtml" xml:lang="en" lang="en">
 <head>
  <title>
</title>
<meta http-equiv="Content-Type" content="text/html;charset=utf-8" />
  <meta name='ocr-system' content='tesseract 3.04.00' />
  <meta name='ocr-capabilities' content='ocr_page ocr_carea ocr_par ocr_line ocrx_word'/>
</head>
<body>
  <div class='ocr_page' id='page_1' title='image "4777073_0020.png"; bbox 0 0 2744 3760; ppageno 0'>
   <div class='ocr_carea' id='block_1_1' title="bbox 1244 197 1542 231">
    <p class='ocr_par' dir='ltr' id='par_1_1' title="bbox 1244 197 1542 231">
     <span class='ocr_line' id='line_1_1' title="bbox 1244 197 1542 231; baseline 0 -17"><span class='ocrx_word' id='word_1_1' title='bbox 1244 197 1542 231; x_wconf 67' lang='lat'>—3—</span> 
     </span>
    </p>
   </div>
   <div class='ocr_carea' id='block_1_2' title="bbox 419 301 2454 376">
    <p class='ocr_par' dir='ltr' id='par_1_2' title="bbox 419 301 2454 376">
     <span class='ocr_line' id='line_1_2' title="bbox 419 301 2454 376; baseline -0 -18"><span class='ocrx_word' id='word_1_2' title='bbox 419 309 632 376; x_wconf 86' lang='lat' dir='ltr'>plurima</span> <span class='ocrx_word' id='word_1_3' title='bbox 667 314 720 356; x_wconf 90' lang='lat' dir='ltr'>et</span> <span class='ocrx_word' id='word_1_4' title='bbox 756 308 1039 357; x_wconf 88' lang='lat' dir='ltr'>certissima</span> <span class='ocrx_word' id='word_1_5' title='bbox 1075 309 1352 360; x_wconf 89' lang='lat' dir='ltr'>recidendo</span> <span class='ocrx_word' id='word_1_6' title='bbox 1390 310 1594 376; x_wconf 89' lang='lat' dir='ltr'>saepius</span> <span class='ocrx_word' id='word_1_7' title='bbox 1631 327 1779 376; x_wconf 91' lang='lat' dir='ltr'>quam</span> <span class='ocrx_word' id='word_1_8' title='bbox 1816 309 2051 359; x_wconf 89' lang='lat' dir='ltr'>addendo</span> <span class='ocrx_word' id='word_1_9' title='bbox 2088 309 2359 376; x_wconf 81' lang='lat' dir='ltr'>vicesimus</span> <span class='ocrx_word' id='word_1_10' title='bbox 2452 301 2454 304; x_wconf 49' lang='grc'>’</span> 
     </span>
    </p>
   </div>
   <div class='ocr_carea' id='block_1_3' title="bbox 418 398 1762 465">
    <p class='ocr_par' dir='ltr' id='par_1_3' title="bbox 418 398 1762 465">
     <span class='ocr_line' id='line_1_3' title="bbox 418 398 1762 465; baseline 0.001 -16"><span class='ocrx_word' id='word_1_11' title='bbox 418 399 607 465; x_wconf 90' lang='lat' dir='ltr'>primus</span> <span class='ocrx_word' id='word_1_12' title='bbox 646 398 778 449; x_wconf 89' lang='lat' dir='ltr'>Livii</span> <span class='ocrx_word' id='word_1_13' title='bbox 813 399 944 450; x_wconf 88' lang='lat' dir='ltr'>liber</span> <span class='ocrx_word' id='word_1_14' title='bbox 979 400 1326 451; x_wconf 89' lang='lat' dir='ltr'>emendandus</span> <span class='ocrx_word' id='word_1_15' title='bbox 1364 418 1482 452; x_wconf 88' lang='lat' dir='ltr'>esse</span> <span class='ocrx_word' id='word_1_16' title='bbox 1518 401 1762 454; x_wconf 88' lang='lat' dir='ltr'>videatur.</span> 
     </span>
    </p>
   </div>
   <div class='ocr_carea' id='block_1_4' title="bbox 414 489 2359 650">
    <p class='ocr_par' dir='ltr' id='par_1_4' title="bbox 414 489 2359 650">
     <span class='ocr_line' id='line_1_4' title="bbox 556 489 2359 558; baseline 0.002 -18"><span class='ocrx_word' id='word_1_17' title='bbox 556 489 617 541; x_wconf 89' lang='lat' dir='ltr'>In</span> <span class='ocrx_word' id='word_1_18' title='bbox 654 489 791 540; x_wconf 87' lang='lat' dir='ltr'>omni</span> <span class='ocrx_word' id='word_1_19' title='bbox 826 490 921 542; x_wconf 90' lang='lat' dir='ltr'>hac</span> <span class='ocrx_word' id='word_1_20' title='bbox 959 489 1256 557; x_wconf 81' lang='lat' dir='ltr'>quaestione</span> <span class='ocrx_word' id='word_1_21' title='bbox 1294 509 1480 558; x_wconf 87' lang='lat' dir='ltr'>magno</span> <span class='ocrx_word' id='word_1_22' title='bbox 1519 510 1633 544; x_wconf 91' lang='lat' dir='ltr'>cum</span> <span class='ocrx_word' id='word_1_23' title='bbox 1670 492 1849 558; x_wconf 89' lang='lat' dir='ltr'>fructu,</span> <span class='ocrx_word' id='word_1_24' title='bbox 1888 492 1931 544; x_wconf 91' lang='lat' dir='ltr'>si</span> <span class='ocrx_word' id='word_1_25' title='bbox 1967 491 2223 558; x_wconf 80' lang='lat' dir='ltr'><strong>adessent,</strong></span> <span class='ocrx_word' id='word_1_26' title='bbox 2248 500 2359 544; x_wconf 88' lang='lat' dir='ltr'>ute-</span> 
     </span>
     <span class='ocr_line' id='line_1_5' title="bbox 414 582 2358 650; baseline 0.003 -20"><span class='ocrx_word' id='word_1_27' title='bbox 414 599 583 630; x_wconf 84' lang='lat' dir='ltr'>remur</span> <span class='ocrx_word' id='word_1_28' title='bbox 636 582 1047 631; x_wconf 77' lang='lat' dir='ltr'><strong>adnotationibus</strong></span> <span class='ocrx_word' id='word_1_29' title='bbox 1101 583 1484 648; x_wconf 78' lang='lat' dir='ltr'>glossematum,</span> <span class='ocrx_word' id='word_1_30' title='bbox 1538 603 1668 648; x_wconf 90' lang='lat' dir='ltr'>quae</span> <span class='ocrx_word' id='word_1_31' title='bbox 1724 585 1777 634; x_wconf 90' lang='lat' dir='ltr'>in</span> <span class='ocrx_word' id='word_1_32' title='bbox 1830 585 1998 635; x_wconf 89' lang='lat' dir='ltr'>multis</span> <span class='ocrx_word' id='word_1_33' title='bbox 2042 586 2358 650; x_wconf 89' lang='lat' dir='ltr'>antiquorum</span> 
     </span>
    </p>
   </div>
   <div class='ocr_carea' id='block_1_5' title="bbox 413 674 2359 1108">
    <p class='ocr_par' dir='ltr' id='par_1_5' title="bbox 413 674 2359 1017">
     <span class='ocr_line' id='line_1_6' title="bbox 415 674 2358 743; baseline 0.003 -21"><span class='ocrx_word' id='word_1_34' title='bbox 415 681 676 722; x_wconf 91' lang='lat' dir='ltr'>auctorum</span> <span class='ocrx_word' id='word_1_35' title='bbox 723 674 1000 738; x_wconf 90' lang='lat' dir='ltr'>codicibus,</span> <span class='ocrx_word' id='word_1_36' title='bbox 1044 675 1260 723; x_wconf 87' lang='lat' dir='ltr'>vetustis</span> <span class='ocrx_word' id='word_1_37' title='bbox 1306 693 1522 740; x_wconf 91' lang='lat' dir='ltr'>quoque,</span> <span class='ocrx_word' id='word_1_38' title='bbox 1566 676 1720 725; x_wconf 88' lang='lat' dir='ltr'>variis</span> <span class='ocrx_word' id='word_1_39' title='bbox 1767 677 1932 726; x_wconf 90' lang='lat' dir='ltr'>modis</span> <span class='ocrx_word' id='word_1_40' title='bbox 1977 677 2232 743; x_wconf 89' lang='lat' dir='ltr'>adscripta</span> <span class='ocrx_word' id='word_1_41' title='bbox 2282 677 2358 727; x_wconf 79' lang='lat' dir='ltr'>in-</span> 
     </span>
     <span class='ocr_line' id='line_1_7' title="bbox 415 765 2359 833; baseline 0.002 -19"><span class='ocrx_word' id='word_1_42' title='bbox 415 765 700 829; x_wconf 88' lang='lat' dir='ltr'>veniuntur,</span> <span class='ocrx_word' id='word_1_43' title='bbox 737 783 832 815; x_wconf 90' lang='lat' dir='ltr'>nec</span> <span class='ocrx_word' id='word_1_44' title='bbox 871 783 1077 832; x_wconf 84' lang='lat' dir='ltr'>operam</span> <span class='ocrx_word' id='word_1_45' title='bbox 1112 765 1401 832; x_wconf 81' lang='lat' dir='ltr'>perditurus</span> <span class='ocrx_word' id='word_1_46' title='bbox 1438 783 1554 816; x_wconf 91' lang='lat' dir='ltr'>esse</span> <span class='ocrx_word' id='word_1_47' title='bbox 1593 766 1792 816; x_wconf 88' lang='lat' dir='ltr'>videtur</span> <span class='ocrx_word' id='word_1_48' title='bbox 1828 768 1872 816; x_wconf 92' lang='lat' dir='ltr'>si</span> <span class='ocrx_word' id='word_1_49' title='bbox 1909 768 2021 833; x_wconf 89' lang='lat' dir='ltr'>quis</span> <span class='ocrx_word' id='word_1_50' title='bbox 2047 768 2359 818; x_wconf 84' lang='lat' dir='ltr'>librariorum</span> 
     </span>
     <span class='ocr_line' id='line_1_8' title="bbox 413 852 2359 924; baseline 0.002 -19"><span class='ocrx_word' id='word_1_51' title='bbox 413 855 865 922; x_wconf 87' lang='lat' dir='ltr'>interpretamenta</span> <span class='ocrx_word' id='word_1_52' title='bbox 902 857 1194 907; x_wconf 81' lang='lat' dir='ltr'>addentium</span> <span class='ocrx_word' id='word_1_53' title='bbox 1232 857 1651 908; x_wconf 88' lang='lat' dir='ltr'>consuetudinem</span> <span class='ocrx_word' id='word_1_54' title='bbox 1694 858 2041 924; x_wconf 81' lang='lat' dir='ltr'>rationemque</span> <span class='ocrx_word' id='word_1_55' title='bbox 2079 852 2359 908; x_wconf 80' lang='lat' dir='ltr'>accuratius</span> 
     </span>
     <span class='ocr_line' id='line_1_9' title="bbox 415 947 1855 1017; baseline 0.001 -20"><span class='ocrx_word' id='word_1_56' title='bbox 415 947 824 1016; x_wconf 85' lang='lat' dir='ltr'>cognoscendam</span> <span class='ocrx_word' id='word_1_57' title='bbox 862 947 1124 1016; x_wconf 89' lang='lat' dir='ltr'>fusiusque</span> <span class='ocrx_word' id='word_1_58' title='bbox 1161 948 1515 1016; x_wconf 84' lang='lat' dir='ltr'>exponendam</span> <span class='ocrx_word' id='word_1_59' title='bbox 1560 948 1855 1017; x_wconf 81' lang='lat' dir='ltr'>susceperit.</span> 
     </span>
    </p>

    <p class='ocr_par' dir='ltr' id='par_1_6' title="bbox 554 1038 2322 1108">
     <span class='ocr_line' id='line_1_10' title="bbox 554 1038 2322 1108; baseline 0 -20"><span class='ocrx_word' id='word_1_60' title='bbox 554 1038 665 1088; x_wconf 91' lang='lat' dir='ltr'>Nos</span> <span class='ocrx_word' id='word_1_61' title='bbox 702 1055 824 1089; x_wconf 87' lang='lat' dir='ltr'>vero</span> <span class='ocrx_word' id='word_1_62' title='bbox 862 1039 962 1091; x_wconf 89' lang='lat' dir='ltr'>iam</span> <span class='ocrx_word' id='word_1_63' title='bbox 998 1039 1062 1089; x_wconf 90' lang='lat' dir='ltr'>ad</span> <span class='ocrx_word' id='word_1_64' title='bbox 1099 1039 1331 1108; x_wconf 87' lang='lat' dir='ltr'>singulos</span> <span class='ocrx_word' id='word_1_65' title='bbox 1369 1039 1500 1089; x_wconf 87' lang='lat' dir='ltr'>Livii</span> <span class='ocrx_word' id='word_1_66' title='bbox 1535 1040 1677 1091; x_wconf 88' lang='lat' dir='ltr'>locos</span> <span class='ocrx_word' id='word_1_67' title='bbox 1709 1041 2000 1091; x_wconf 76' lang='lat' dir='ltr'>tractandos</span> <span class='ocrx_word' id='word_1_68' title='bbox 2036 1040 2322 1090; x_wconf 85' lang='lat' dir='ltr'>transimus.</span> 
     </span>
    </p>
   </div>
   <div class='ocr_carea' id='block_1_6' title="bbox 408 1496 2364 3123">
    <p class='ocr_par' dir='ltr' id='par_1_7' title="bbox 412 1496 2364 1839">
     <span class='ocr_line' id='line_1_11' title="bbox 555 1496 2363 1558; baseline 0.001 -12"><span class='ocrx_word' id='word_1_69' title='bbox 555 1496 664 1546; x_wconf 91' lang='lat' dir='ltr'>Liv.</span> <span class='ocrx_word' id='word_1_70' title='bbox 721 1496 844 1546; x_wconf 92' lang='lat' dir='ltr'>XXI</span> <span class='ocrx_word' id='word_1_71' title='bbox 897 1496 980 1558; x_wconf 82' lang='grc'><strong>3,1.</strong></span> <span class='ocrx_word' id='word_1_72' title='bbox 1056 1497 1115 1546; x_wconf 92' lang='lat' dir='ltr'>In</span> <span class='ocrx_word' id='word_1_73' title='bbox 1171 1497 1510 1547; x_wconf 86' lang='lat' dir='ltr'>Hasdrubalis</span> <span class='ocrx_word' id='word_1_74' title='bbox 1554 1498 1721 1547; x_wconf 91' lang='lat' dir='ltr'>locum</span> <span class='ocrx_word' id='word_1_75' title='bbox 1766 1497 1900 1547; x_wconf 90' lang='lat' dir='ltr'>haud</span> <span class='ocrx_word' id='word_1_76' title='bbox 1946 1498 2099 1547; x_wconf 90' lang='lat' dir='ltr'>dubia</span> <span class='ocrx_word' id='word_1_77' title='bbox 2142 1514 2224 1546; x_wconf 88' lang='lat' dir='ltr'>res</span> <span class='ocrx_word' id='word_1_78' title='bbox 2268 1497 2363 1547; x_wconf 88' lang='lat' dir='ltr'>fuit</span> 
     </span>
     <span class='ocr_line' id='line_1_12' title="bbox 412 1587 2364 1656; baseline 0.001 -19"><span class='ocrx_word' id='word_1_79' title='bbox 412 1587 534 1654; x_wconf 91' lang='lat' dir='ltr'>quin</span> <span class='ocrx_word' id='word_1_80' title='bbox 569 1588 599 1654; x_wconf 84' lang='lat'><em>†</em></span> <span class='ocrx_word' id='word_1_81' title='bbox 634 1588 992 1655; x_wconf 83' lang='lat' dir='ltr'>praerogativa</span> <span class='ocrx_word' id='word_1_82' title='bbox 1034 1587 1279 1653; x_wconf 88' lang='lat' dir='ltr'>militaris,</span> <span class='ocrx_word' id='word_1_83' title='bbox 1328 1606 1426 1655; x_wconf 88' lang='lat' dir='ltr'>qua</span> <span class='ocrx_word' id='word_1_84' title='bbox 1472 1588 1727 1656; x_wconf 89' lang='lat' dir='ltr'>extemplo</span> <span class='ocrx_word' id='word_1_85' title='bbox 1774 1587 1972 1638; x_wconf 84' lang='lat' dir='ltr'>iuvenis</span> <span class='ocrx_word' id='word_1_86' title='bbox 2021 1587 2276 1639; x_wconf 85' lang='lat' dir='ltr'>Hannibal</span> <span class='ocrx_word' id='word_1_87' title='bbox 2311 1588 2364 1638; x_wconf 91' lang='lat' dir='ltr'>in</span> 
     </span>
     <span class='ocr_line' id='line_1_13' title="bbox 413 1680 2362 1747; baseline 0.001 -18"><span class='ocrx_word' id='word_1_88' title='bbox 413 1680 720 1746; x_wconf 90' lang='lat' dir='ltr'>praetorium</span> <span class='ocrx_word' id='word_1_89' title='bbox 775 1680 973 1729; x_wconf 88' lang='lat' dir='ltr'>delatus</span> <span class='ocrx_word' id='word_1_90' title='bbox 1018 1680 1394 1747; x_wconf 89' lang='lat' dir='ltr'>imperatorque</span> <span class='ocrx_word' id='word_1_91' title='bbox 1439 1680 1636 1747; x_wconf 84' lang='lat' dir='ltr'>ingenti</span> <span class='ocrx_word' id='word_1_92' title='bbox 1682 1680 1903 1730; x_wconf 91' lang='lat' dir='ltr'>omnium</span> <span class='ocrx_word' id='word_1_93' title='bbox 1948 1680 2166 1730; x_wconf 90' lang='lat' dir='ltr'>clamore</span> <span class='ocrx_word' id='word_1_94' title='bbox 2212 1689 2362 1747; x_wconf 88' lang='lat' dir='ltr'>atque</span> 
     </span>
     <span class='ocr_line' id='line_1_14' title="bbox 415 1771 1877 1839; baseline 0 -17"><span class='ocrx_word' id='word_1_95' title='bbox 415 1771 641 1822; x_wconf 88' lang='lat' dir='ltr'>adsensu</span> <span class='ocrx_word' id='word_1_96' title='bbox 680 1772 965 1839; x_wconf 88' lang='lat' dir='ltr'>appellatus</span> <span class='ocrx_word' id='word_1_97' title='bbox 1003 1779 1126 1836; x_wconf 89' lang='lat' dir='ltr'>erat,</span> <span class='ocrx_word' id='word_1_98' title='bbox 1165 1772 1309 1822; x_wconf 86' lang='lat' dir='ltr'>favor</span> <span class='ocrx_word' id='word_1_99' title='bbox 1343 1772 1510 1839; x_wconf 89' lang='lat' dir='ltr'>plebis</span> <span class='ocrx_word' id='word_1_100' title='bbox 1553 1771 1877 1838; x_wconf 85' lang='lat' dir='ltr'>sequebatur.</span> 
     </span>
    </p>

    <p class='ocr_par' dir='ltr' id='par_1_8' title="bbox 408 1863 2363 2829">
     <span class='ocr_line' id='line_1_15' title="bbox 551 1863 2360 1929; baseline 0.001 -17"><span class='ocrx_word' id='word_1_101' title='bbox 551 1865 630 1912; x_wconf 89' lang='lat' dir='ltr'>Ita</span> <span class='ocrx_word' id='word_1_102' title='bbox 675 1865 841 1913; x_wconf 91' lang='lat' dir='ltr'>locum</span> <span class='ocrx_word' id='word_1_103' title='bbox 891 1864 1095 1929; x_wconf 89' lang='lat' dir='ltr'>reliquit</span> <span class='ocrx_word' id='word_1_104' title='bbox 1141 1864 1309 1913; x_wconf 87' lang='lat' dir='ltr'>Luchs</span> <span class='ocrx_word' id='word_1_105' title='bbox 1355 1882 1451 1913; x_wconf 86' lang='lat' dir='ltr'>nec</span> <span class='ocrx_word' id='word_1_106' title='bbox 1496 1864 1606 1912; x_wconf 88' lang='lat' dir='ltr'>sine</span> <span class='ocrx_word' id='word_1_107' title='bbox 1652 1881 1805 1912; x_wconf 91' lang='lat' dir='ltr'>causa</span> <span class='ocrx_word' id='word_1_108' title='bbox 1850 1863 2175 1929; x_wconf 89' lang='lat' dir='ltr'>desperatum</span> <span class='ocrx_word' id='word_1_109' title='bbox 2220 1864 2360 1913; x_wconf 85' lang='lat' dir='ltr'>dixit.</span> 
     </span>
     <span class='ocr_line' id='line_1_16' title="bbox 410 1955 2361 2022; baseline -0.001 -17"><span class='ocrx_word' id='word_1_110' title='bbox 410 1974 528 2005; x_wconf 89' lang='lat' dir='ltr'>nam</span> <span class='ocrx_word' id='word_1_111' title='bbox 582 1955 814 2005; x_wconf 83' lang='lat' dir='ltr'>lacunam</span> <span class='ocrx_word' id='word_1_112' title='bbox 871 1955 1047 2004; x_wconf 92' lang='lat' dir='ltr'>ubiubi</span> <span class='ocrx_word' id='word_1_113' title='bbox 1101 1973 1217 2004; x_wconf 88' lang='lat' dir='ltr'>esse</span> <span class='ocrx_word' id='word_1_114' title='bbox 1262 1963 1429 2022; x_wconf 87' lang='lat' dir='ltr'>putes,</span> <span class='ocrx_word' id='word_1_115' title='bbox 1486 1955 1885 2021; x_wconf 91' lang='lat' dir='ltr'>quibuscumque</span> <span class='ocrx_word' id='word_1_116' title='bbox 1928 1955 2099 2005; x_wconf 89' lang='lat' dir='ltr'>verbis</span> <span class='ocrx_word' id='word_1_117' title='bbox 2154 1956 2361 2022; x_wconf 89' lang='lat' dir='ltr'>explen-</span> 
     </span>
     <span class='ocr_line' id='line_1_17' title="bbox 413 2047 2358 2111; baseline -0.001 -13"><span class='ocrx_word' id='word_1_118' title='bbox 413 2049 530 2098; x_wconf 87' lang='lat' dir='ltr'>dam</span> <span class='ocrx_word' id='word_1_119' title='bbox 586 2065 817 2111; x_wconf 89' lang='lat' dir='ltr'>censeas,</span> <span class='ocrx_word' id='word_1_120' title='bbox 872 2047 924 2096; x_wconf 91' lang='lat' dir='ltr'>in</span> <span class='ocrx_word' id='word_1_121' title='bbox 978 2064 1034 2096; x_wconf 88' lang='lat' dir='ltr'>re</span> <span class='ocrx_word' id='word_1_122' title='bbox 1078 2047 1272 2097; x_wconf 87' lang='lat' dir='ltr'>incerta</span> <span class='ocrx_word' id='word_1_123' title='bbox 1315 2065 1449 2097; x_wconf 83' lang='lat' dir='ltr'>nova</span> <span class='ocrx_word' id='word_1_124' title='bbox 1495 2054 1546 2097; x_wconf 89' lang='lat' dir='ltr'>et</span> <span class='ocrx_word' id='word_1_125' title='bbox 1588 2047 1686 2096; x_wconf 86' lang='lat' dir='ltr'>alia</span> <span class='ocrx_word' id='word_1_126' title='bbox 1729 2047 1970 2097; x_wconf 91' lang='lat' dir='ltr'>moliendi</span> <span class='ocrx_word' id='word_1_127' title='bbox 2014 2047 2141 2096; x_wconf 90' lang='lat' dir='ltr'>ratio</span> <span class='ocrx_word' id='word_1_128' title='bbox 2186 2054 2358 2097; x_wconf 85' lang='lat' dir='ltr'>restat.</span> 
     </span>
     <span class='ocr_line' id='line_1_18' title="bbox 415 2138 2361 2207; baseline -0.001 -17"><span class='ocrx_word' id='word_1_129' title='bbox 415 2158 513 2207; x_wconf 91' lang='lat' dir='ltr'>qua</span> <span class='ocrx_word' id='word_1_130' title='bbox 551 2157 606 2189; x_wconf 89' lang='lat' dir='ltr'>re</span> <span class='ocrx_word' id='word_1_131' title='bbox 646 2139 945 2189; x_wconf 88' lang='lat' dir='ltr'>contrariam</span> <span class='ocrx_word' id='word_1_132' title='bbox 984 2138 1118 2188; x_wconf 89' lang='lat' dir='ltr'>viam</span> <span class='ocrx_word' id='word_1_133' title='bbox 1156 2139 1200 2187; x_wconf 86' lang='lat' dir='ltr'>si</span> <span class='ocrx_word' id='word_1_134' title='bbox 1244 2146 1403 2203; x_wconf 79' lang='lat' dir='ltr'>tento,</span> <span class='ocrx_word' id='word_1_135' title='bbox 1447 2139 1682 2188; x_wconf 87' lang='lat' dir='ltr'>voluntas</span> <span class='ocrx_word' id='word_1_136' title='bbox 1719 2146 1856 2188; x_wconf 89' lang='lat' dir='ltr'>certe</span> <span class='ocrx_word' id='word_1_137' title='bbox 1892 2138 2224 2205; x_wconf 82' lang='lat' dir='ltr'>vituperanda</span> <span class='ocrx_word' id='word_1_138' title='bbox 2259 2156 2361 2188; x_wconf 88' lang='lat' dir='ltr'>non</span> 
     </span>
     <span class='ocr_line' id='line_1_19' title="bbox 412 2229 2363 2297; baseline 0 -17"><span class='ocrx_word' id='word_1_139' title='bbox 412 2239 508 2280; x_wconf 88' lang='lat' dir='ltr'>est.</span> <span class='ocrx_word' id='word_1_140' title='bbox 550 2239 701 2297; x_wconf 90' lang='lat' dir='ltr'>atque</span> <span class='ocrx_word' id='word_1_141' title='bbox 729 2248 925 2280; x_wconf 89' lang='lat' dir='ltr'>summa</span> <span class='ocrx_word' id='word_1_142' title='bbox 963 2230 1166 2296; x_wconf 89' lang='lat' dir='ltr'>quidem</span> <span class='ocrx_word' id='word_1_143' title='bbox 1204 2230 1487 2280; x_wconf 88' lang='lat' dir='ltr'>sententiae</span> <span class='ocrx_word' id='word_1_144' title='bbox 1524 2229 1729 2280; x_wconf 90' lang='lat' dir='ltr'>minime</span> <span class='ocrx_word' id='word_1_145' title='bbox 1767 2238 1847 2280; x_wconf 90' lang='lat' dir='ltr'>est</span> <span class='ocrx_word' id='word_1_146' title='bbox 1883 2230 2120 2280; x_wconf 90' lang='lat' dir='ltr'>obscura:</span> <span class='ocrx_word' id='word_1_147' title='bbox 2148 2238 2286 2280; x_wconf 89' lang='lat' dir='ltr'>certa</span> <span class='ocrx_word' id='word_1_148' title='bbox 2311 2238 2363 2280; x_wconf 92' lang='lat' dir='ltr'>et</span> 
     </span>
     <span class='ocr_line' id='line_1_20' title="bbox 412 2322 2360 2388; baseline 0 -16"><span class='ocrx_word' id='word_1_149' title='bbox 412 2323 560 2388; x_wconf 85' lang='lat' dir='ltr'>quasi</span> <span class='ocrx_word' id='word_1_150' title='bbox 605 2322 838 2372; x_wconf 89' lang='lat' dir='ltr'>absoluta</span> <span class='ocrx_word' id='word_1_151' title='bbox 882 2340 965 2371; x_wconf 88' lang='lat' dir='ltr'>res</span> <span class='ocrx_word' id='word_1_152' title='bbox 1011 2322 1106 2371; x_wconf 90' lang='lat' dir='ltr'>fuit</span> <span class='ocrx_word' id='word_1_153' title='bbox 1150 2339 1210 2372; x_wconf 89' lang='lat' dir='ltr'>ea</span> <span class='ocrx_word' id='word_1_154' title='bbox 1248 2339 1376 2388; x_wconf 90' lang='lat' dir='ltr'>quae</span> <span class='ocrx_word' id='word_1_155' title='bbox 1412 2339 1573 2388; x_wconf 86' lang='lat' dir='ltr'>penes</span> <span class='ocrx_word' id='word_1_156' title='bbox 1610 2322 1796 2371; x_wconf 90' lang='lat' dir='ltr'>milites</span> <span class='ocrx_word' id='word_1_157' title='bbox 1834 2330 1942 2372; x_wconf 90' lang='lat' dir='ltr'>erat</span> <span class='ocrx_word' id='word_1_158' title='bbox 1976 2323 2028 2372; x_wconf 91' lang='lat' dir='ltr'>in</span> <span class='ocrx_word' id='word_1_159' title='bbox 2065 2323 2360 2372; x_wconf 86' lang='lat' dir='ltr'>Hasdruba-</span> 
     </span>
     <span class='ocr_line' id='line_1_21' title="bbox 410 2413 2362 2479; baseline 0.001 -17"><span class='ocrx_word' id='word_1_160' title='bbox 410 2414 473 2462; x_wconf 90' lang='lat' dir='ltr'>lis</span> <span class='ocrx_word' id='word_1_161' title='bbox 512 2413 768 2462; x_wconf 88' lang='lat' dir='ltr'>interfecti</span> <span class='ocrx_word' id='word_1_162' title='bbox 803 2414 970 2463; x_wconf 90' lang='lat' dir='ltr'>locum</span> <span class='ocrx_word' id='word_1_163' title='bbox 1009 2413 1164 2479; x_wconf 91' lang='lat' dir='ltr'>optio,</span> <span class='ocrx_word' id='word_1_164' title='bbox 1204 2431 1332 2478; x_wconf 90' lang='lat' dir='ltr'>quae</span> <span class='ocrx_word' id='word_1_165' title='bbox 1370 2413 1544 2479; x_wconf 94' lang='lat' dir='ltr'>populi</span> <span class='ocrx_word' id='word_1_166' title='bbox 1590 2413 1771 2463; x_wconf 90' lang='lat' dir='ltr'>scitum</span> <span class='ocrx_word' id='word_1_167' title='bbox 1815 2421 1871 2463; x_wconf 91' lang='lat' dir='ltr'>ut</span> <span class='ocrx_word' id='word_1_168' title='bbox 1914 2421 2158 2479; x_wconf 86' lang='lat' dir='ltr'>tempore,</span> <span class='ocrx_word' id='word_1_169' title='bbox 2205 2414 2276 2463; x_wconf 89' lang='lat' dir='ltr'>ita</span> <span class='ocrx_word' id='word_1_170' title='bbox 2311 2414 2362 2463; x_wconf 87' lang='lat' dir='ltr'>vi</span> 
     </span>
     <span class='ocr_line' id='line_1_22' title="bbox 411 2504 2359 2573; baseline -0.001 -17"><span class='ocrx_word' id='word_1_171' title='bbox 411 2513 464 2555; x_wconf 87' lang='lat' dir='ltr'>et</span> <span class='ocrx_word' id='word_1_172' title='bbox 528 2505 829 2556; x_wconf 87' lang='lat' dir='ltr'>auctoritate</span> <span class='ocrx_word' id='word_1_173' title='bbox 891 2505 1190 2573; x_wconf 87' lang='lat' dir='ltr'>praecessit.</span> <span class='ocrx_word' id='word_1_174' title='bbox 1255 2523 1354 2571; x_wconf 92' lang='lat' dir='ltr'>qua</span> <span class='ocrx_word' id='word_1_175' title='bbox 1414 2504 1618 2571; x_wconf 91' lang='lat' dir='ltr'>quidem</span> <span class='ocrx_word' id='word_1_176' title='bbox 1675 2505 1911 2569; x_wconf 87' lang='lat' dir='ltr'>„militari</span> <span class='ocrx_word' id='word_1_177' title='bbox 1972 2505 2359 2572; x_wconf 83' lang='lat' dir='ltr'>praerogativa“</span> 
     </span>
     <span class='ocr_line' id='line_1_23' title="bbox 408 2595 2358 2665; baseline -0.001 -19"><span class='ocrx_word' id='word_1_178' title='bbox 408 2597 510 2646; x_wconf 89' lang='lat' dir='ltr'>iam</span> <span class='ocrx_word' id='word_1_179' title='bbox 555 2597 832 2664; x_wconf 89' lang='lat' dir='ltr'>imperator</span> <span class='ocrx_word' id='word_1_180' title='bbox 868 2598 1151 2665; x_wconf 89' lang='lat' dir='ltr'>appellatus</span> <span class='ocrx_word' id='word_1_181' title='bbox 1190 2604 1299 2647; x_wconf 90' lang='lat' dir='ltr'>erat</span> <span class='ocrx_word' id='word_1_182' title='bbox 1336 2597 1607 2658; x_wconf 82' lang='lat' dir='ltr'>Hannibal,</span> <span class='ocrx_word' id='word_1_183' title='bbox 1648 2596 1956 2662; x_wconf 87' lang='lat' dir='ltr'>sequebatur</span> <span class='ocrx_word' id='word_1_184' title='bbox 1996 2596 2162 2663; x_wconf 81' lang='lat' dir='ltr'>plebis</span> <span class='ocrx_word' id='word_1_185' title='bbox 2199 2595 2358 2645; x_wconf 78' lang='lat' dir='ltr'>favor.</span> 
     </span>
     <span class='ocr_line' id='line_1_24' title="bbox 408 2687 2360 2757; baseline 0 -19"><span class='ocrx_word' id='word_1_186' title='bbox 408 2688 509 2738; x_wconf 90' lang='lat' dir='ltr'>iam</span> <span class='ocrx_word' id='word_1_187' title='bbox 564 2706 688 2739; x_wconf 88' lang='lat' dir='ltr'>vero</span> <span class='ocrx_word' id='word_1_188' title='bbox 742 2688 913 2739; x_wconf 87' lang='lat' dir='ltr'>deleto</span> <span class='ocrx_word' id='word_1_189' title='bbox 968 2691 1095 2757; x_wconf 78' lang='lat' dir='ltr'>quin</span> <span class='ocrx_word' id='word_1_190' title='bbox 1147 2688 1273 2739; x_wconf 89' lang='lat' dir='ltr'>haec</span> <span class='ocrx_word' id='word_1_191' title='bbox 1324 2688 1439 2755; x_wconf 90' lang='lat' dir='ltr'>ipsa</span> <span class='ocrx_word' id='word_1_192' title='bbox 1491 2705 1640 2754; x_wconf 90' lang='lat' dir='ltr'>quam</span> <span class='ocrx_word' id='word_1_193' title='bbox 1696 2687 1964 2755; x_wconf 87' lang='lat' dir='ltr'>explanavi</span> <span class='ocrx_word' id='word_1_194' title='bbox 2019 2687 2190 2739; x_wconf 86' lang='lat' dir='ltr'>evadit</span> <span class='ocrx_word' id='word_1_195' title='bbox 2242 2705 2360 2738; x_wconf 79' lang='lat' dir='ltr'>sen-</span> 
     </span>
     <span class='ocr_line' id='line_1_25' title="bbox 409 2781 590 2829; baseline 0 0"><span class='ocrx_word' id='word_1_196' title='bbox 409 2781 590 2829; x_wconf 87' lang='lat' dir='ltr'>tentia:</span> 
     </span>
    </p>

    <p class='ocr_par' dir='ltr' id='par_1_9' title="bbox 414 2870 2361 3123">
     <span class='ocr_line' id='line_1_26' title="bbox 553 2870 2361 2937; baseline 0.001 -18"><span class='ocrx_word' id='word_1_197' title='bbox 553 2872 607 2919; x_wconf 78' lang='lat' dir='ltr'>in</span> <span class='ocrx_word' id='word_1_198' title='bbox 662 2871 1026 2921; x_wconf 77' lang='lat' dir='ltr'>Hasdrubalis</span> <span class='ocrx_word' id='word_1_199' title='bbox 1083 2873 1250 2922; x_wconf 76' lang='lat' dir='ltr'>locam</span> <span class='ocrx_word' id='word_1_200' title='bbox 1306 2872 1454 2922; x_wconf 81' lang='lat' dir='ltr'>haud</span> <span class='ocrx_word' id='word_1_201' title='bbox 1498 2871 1662 2921; x_wconf 75' lang='lat' dir='ltr'>dubia</span> <span class='ocrx_word' id='word_1_202' title='bbox 1708 2886 1789 2920; x_wconf 85' lang='lat' dir='ltr'>res</span> <span class='ocrx_word' id='word_1_203' title='bbox 1818 2870 1934 2937; x_wconf 81' lang='lat' dir='ltr'>suit</span> <span class='ocrx_word' id='word_1_204' title='bbox 1978 2872 2361 2936; x_wconf 68' lang='lat' dir='ltr'>praeroyativa</span> 
     </span>
     <span class='ocr_line' id='line_1_27' title="bbox 414 2962 2360 3029; baseline 0.001 -17"><span class='ocrx_word' id='word_1_205' title='bbox 414 2963 679 3012; x_wconf 73' lang='lat' dir='ltr'>militaris.</span> <span class='ocrx_word' id='word_1_206' title='bbox 737 2979 846 3028; x_wconf 78' lang='lat' dir='ltr'>qua</span> <span class='ocrx_word' id='word_1_207' title='bbox 881 2964 1138 3029; x_wconf 72' lang='lat' dir='ltr'>extemplo</span> <span class='ocrx_word' id='word_1_208' title='bbox 1178 2964 1375 3013; x_wconf 75' lang='lat' dir='ltr'>iuvenis</span> <span class='ocrx_word' id='word_1_209' title='bbox 1411 2962 1693 3013; x_wconf 77' lang='lat' dir='ltr'>Hannibal</span> <span class='ocrx_word' id='word_1_210' title='bbox 1733 2963 1785 3009; x_wconf 78' lang='lat' dir='ltr'>in</span> <span class='ocrx_word' id='word_1_211' title='bbox 1802 2962 2131 3027; x_wconf 80' lang='lat' dir='ltr'>praetoriam</span> <span class='ocrx_word' id='word_1_212' title='bbox 2157 2962 2360 3014; x_wconf 77' lang='lat' dir='ltr'>delatus</span> 
     </span>
     <span class='ocr_line' id='line_1_28' title="bbox 415 3052 2361 3123; baseline 0.003 -22"><span class='ocrx_word' id='word_1_213' title='bbox 415 3054 806 3120; x_wconf 79' lang='lat' dir='ltr'>imperatorque</span> <span class='ocrx_word' id='word_1_214' title='bbox 845 3054 1039 3119; x_wconf 64' lang='lat' dir='ltr'>ingenti</span> <span class='ocrx_word' id='word_1_215' title='bbox 1075 3054 1304 3103; x_wconf 80' lang='lat' dir='ltr'>omnium</span> <span class='ocrx_word' id='word_1_216' title='bbox 1342 3054 1571 3103; x_wconf 84' lang='lat' dir='ltr'>clamore</span> <span class='ocrx_word' id='word_1_217' title='bbox 1608 3059 1762 3120; x_wconf 72' lang='lat' dir='ltr'>atque</span> <span class='ocrx_word' id='word_1_218' title='bbox 1807 3052 2031 3103; x_wconf 79' lang='lat' dir='ltr'>adsensa</span> <span class='ocrx_word' id='word_1_219' title='bbox 2067 3055 2361 3123; x_wconf 78' lang='lat' dir='ltr'>appellatas</span> 
     </span>
    </p>
   </div>
  </div>
 </body>
</html>
