2744 3760
1214 78 1488 111 —22—

520 188 779 238 reddenda
815 189 942 238 ratio
972 195 1053 238 est
1088 190 1435 240 mutationum.
1476 208 1533 241 ac
1570 190 1785 256 primum
1821 192 1948 242 haec
1985 191 2092 242 fere
2127 189 2314 255 requiri

380 278 637 328 videntur:
676 277 924 328 abeuntes
960 277 1167 329 tandem
1202 279 1414 346 proelio,
1462 279 1598 347 quod
1633 280 2022 345 commisissent,
2061 280 2314 330 Romanos

379 390 409 420 a
446 370 670 418 Poenis
706 370 974 419 lacessitos
1013 388 1147 434 esse,
1184 372 1256 420 ita
1291 372 1494 421 demum
1530 372 1595 421 ab
1630 372 1711 421 his
1737 373 1966 438 quamvis
1990 374 2147 422 multa
2171 372 2313 422 clade

378 469 494 510 ante
540 462 738 511 vexatis
776 469 1043 528 aequatum
1082 479 1198 511 esse
1237 470 1510 527 certamen,
1549 463 1770 512 victores
1806 470 1977 513 tamen
2012 471 2220 530 propter
2254 463 2313 512 il-

376 552 476 602 lam
514 552 725 616 cladem,
766 571 915 619 quam
951 553 1016 603 ad
1050 553 1163 620 ipsa
1200 560 1366 603 castra
1401 553 1623 603 hostium
1658 553 1963 618 intulissent,
1999 561 2181 620 postea
2214 572 2314 620 po-

378 643 514 698 tius¹
555 643 697 692 visos
742 661 859 694 esse
898 644 1216 693 Romanos.
1255 643 1319 692 de
1357 645 1518 704 vertit,
1558 643 1695 708 quod
1732 642 2033 710 compendio
2072 644 2314 710 scriptum

376 752 480 782 non
534 734 745 783 multum
800 736 1057 802 discrepat
1111 753 1140 784 a
1178 737 1292 804 suit
1330 742 1382 784 et
1415 734 1734 783 intransitive
1771 735 1994 800 positum
2030 752 2059 784 a
2094 734 2312 785 librariis

378 843 480 873 non
516 824 664 874 facile
701 826 1013 876 intellectum
1051 834 1147 890 est,
1186 825 1554 892 comparandus
1592 832 1672 875 est
1706 825 1848 874 locus
1885 824 2054 874 multis
2080 824 2134 873 in
2157 825 2313 875 rebus

377 915 493 965 huic
548 915 848 980 simillimus,
905 916 1011 965 Liv.
1070 916 1142 965 IX
1180 918 1288 980 38,8
1342 934 1457 967 cum
1511 934 1701 983 anceps
1757 916 1938 967 caedes
1976 915 2184 983 suisset,
2224 917 2314 967 ad-

379 1022 557 1057 versae
624 1014 793 1058 tamen
864 1009 940 1058 rei
981 1008 1204 1074 famae
1265 1009 1326 1057 in
1385 1008 1711 1058 Romanos
1779 1008 1978 1057 vertit.
2050 1024 2146 1056 nec
2206 1006 2313 1056 vio-

377 1097 541 1146 lenter
601 1116 716 1148 cum
775 1115 871 1162 que
923 1106 1096 1163 aperte
1152 1106 1441 1164 corruptum
1495 1098 1547 1146 in
1602 1116 1717 1148 cum
1763 1100 1906 1164 peni,
1963 1099 2186 1148 hostium
2262 1098 2316 1146 in

369 1197 492 1256 post
583 1191 636 1239 in
726 1190 1008 1239 correxisse
1098 1190 1219 1238 mihi
1289 1189 1480 1239 videor.
1512 1178 1518 1183 ⁸
1575 1189 1742 1238 Luchs
1815 1190 2043 1241 cedentes
2117 1188 2315 1238 Grono-

377 1280 477 1341 wii,
526 1297 684 1346 penes
741 1280 985 1345 Madvigii
1039 1281 1091 1328 in
1146 1280 1303 1329 verba
1373 1280 1502 1328 Livii
1556 1279 1738 1337 intulit,
1796 1280 2008 1329 alterum
2063 1296 2158 1343 que
2204 1297 2315 1329 sus-

377 1370 515 1431 tulit;
571 1371 792 1436 priorem
847 1371 1133 1420 sententiae
1188 1378 1382 1437 partem
1437 1372 1590 1421 talem
1644 1370 1880 1434 reddidit,
1940 1370 2315 1436 Heusingerum

379 1469 608 1511 secutus:
648 1470 905 1526 sequentes
942 1464 1266 1527 cedentesque
1302 1480 1417 1513 cum
1453 1463 1529 1512 ad
1564 1470 1851 1513 extremum
1888 1470 2191 1527 aequassent
2217 1478 2317 1513 cer-

380 1560 550 1602 tamen
559 1571 578 1614 ;
616 1553 952 1618 posteriorem
988 1552 1212 1602 nondum
1250 1559 1478 1602 sanatam
1513 1552 1733 1618 reliquit,
1771 1552 1958 1603 additis
1994 1552 2166 1602 multis
2203 1568 2316 1601 ver-

378 1642 457 1692 bis
511 1642 582 1692 ita
636 1641 984 1708 refingendam
1037 1642 1323 1708 proposuit:
1382 1644 1554 1692 maior·
1608 1650 1777 1693 tamen
1814 1643 2037 1693 hostium
2076 1660 2317 1693 numerus

378 1735 504 1796 quia
540 1735 738 1794 cecidit,
770 1752 928 1800 penes
964 1736 1235 1782 Romanos
1255 1734 1419 1800 sama
1456 1734 1705 1782 victoriae
1723 1733 1850 1800 suit.
1890 1732 1973 1779 alii
2010 1732 2121 1781 aliis
2146 1733 2317 1782 verbis

379 1825 562 1873 damna
617 1842 746 1890 quae
802 1825 1071 1891 opinantur
1124 1825 1206 1873 hic
1244 1841 1360 1873 csse
1399 1824 1694 1878 resarciunt.
1733 1831 1899 1874 utrum
1935 1824 2111 1872 horum
2150 1824 2216 1873 sit
2252 1841 2316 1874 an

378 1934 492 1965 mea
546 1918 801 1966 sententia
843 1917 1154 1983 probabilior
1191 1917 1274 1982 qui
1311 1917 1486 1982 legent
1522 1916 1764 1977 viderint;
1802 1916 1854 1965 in
1890 1933 1945 1965 re
1981 1916 2318 1965 incertissima

378 2008 503 2058 nihil
539 2007 763 2057 adfirmo.

517 2281 639 2328 XXI
678 2280 788 2341 56,8.
865 2280 1035 2346 itaque
1091 2287 1241 2328 nocte
1296 2279 1585 2345 insequenti
1630 2295 1743 2328 cum
1779 2278 2088 2345 praesidium
2125 2284 2316 2327 castro-

378 2391 488 2422 rum
524 2379 577 2422 et
613 2372 746 2439 quod
785 2372 1032 2438 reliquum
1070 2387 1133 2420 ex
1167 2388 1385 2437 magna
1409 2378 1581 2437 parte
1607 2370 1818 2420 militum
1845 2376 1953 2420 erat
1976 2368 2168 2420 ratibus
2194 2368 2316 2419 Tre-

378 2464 513 2515 biam
549 2464 839 2528 traicerent,
878 2470 963 2514 aut
998 2462 1123 2514 nihil
1160 2481 1368 2513 sensere
1406 2469 1457 2513 et
1494 2481 1542 2528 q.
1582 2481 1622 2513 s.

519 2557 687 2605 Luchs
725 2557 840 2622 (eoe)
860 2557 1005 2623 fuya
1042 2558 1364 2605 semermium
1401 2556 1622 2620 (magna
1658 2572 1728 2604 eoe
1755 2562 1913 2621 parte
1937 2553 2179 2618 militum)
2203 2568 2316 2600 ver-

378 2649 458 2697 bis
497 2648 629 2696 Livii
665 2647 961 2707 immiscuit;
1001 2646 1084 2694 alii
1122 2647 1281 2708 aliter,
1319 2653 1376 2694 ut
1410 2646 1481 2708 fit,
1519 2646 1751 2694 lacunam
1788 2644 2010 2710 explent,
2050 2660 2200 2709 quam
2235 2642 2317 2690 hic

379 2756 495 2788 esse
549 2738 612 2788 iis
667 2737 936 2804 persuasit,
973 2744 1030 2786 ut
1067 2736 1213 2799 solet,
1252 2736 1588 2802 Heerwagen.
1664 2735 1842 2785 Tutius
1879 2734 2001 2784 mihi
2036 2734 2202 2783 visum
2239 2738 2319 2781 est

288 2853 317 2877 ο
377 2829 638 2877 levissima
674 2827 950 2876 mutatione
988 2826 1234 2875 scribere:

519 2920 658 2983 quod
695 2919 946 2981 reliquum
984 2933 1054 2967 eae
1091 2932 1313 2981 mayno
1342 2922 1584 2982 paratu
1622 2916 1842 2965 militum
1879 2919 2003 2963 erat.
