2744 3760
1164 195 1464 229 ,3-

486 320 595 381 27,6
666 323 953 376 tranavere,
993 312 1055 362 (3²
1095 329 1159 361 ex
1196 307 1626 360 antecedentibus.

444 416 449 419 ’
487 413 591 473 27,7
666 427 734 459 eoe
760 408 872 474 [lo]
898 406 1194 473 composito,
1222 409 1360 451 recte
1387 399 1495 448 sine
1523 399 1672 447 dubio
1700 398 1933 462 Fuegner
1959 404 2009 444 et
2036 392 2277 444 Schmidt.

487 503 594 564 28,5
666 507 872 549 nantem
909 512 1085 546 omnes
1122 494 1227 543 fere
1264 491 1564 558 improbant.

487 594 594 655 28,s
667 598 720 641 ut
755 597 871 638 ante
908 605 1021 638 cum
1059 584 1305 652 (quamvis
1341 580 1605 647 ingeniose
1644 580 1859 629 Harant:
1915 577 2019 642 VI).

667 679 879 730 Minoris
898 677 1139 728 nonnulla
1157 677 1333 725 horum
1355 679 1472 722 sunt
1489 670 1744 731 momenti,
1759 677 1814 717 ut
1836 686 1961 733 quae
1983 674 2275 732 sequuntur:

495 776 602 838 29,5
673 773 936 840 hospiciis,
976 770 1194 837 hospitis
1231 783 1322 833 pro
1361 765 1535 814 hostis.

491 868 596 931 30,2
669 873 876 925 terrase,
916 870 1082 913 terras
1119 875 1207 911 eas
1243 874 1334 924 pro
1371 864 1552 907 terrae.

493 959 602 1022 30,5
675 958 728 1006 in
765 960 880 1004 ante
921 951 1119 1002 itineris
1157 947 1381 998 additum
1419 950 1612 1009 (contra
1650 946 1754 1008 30,7
1798 945 1849 992 in
1887 942 2109 1009 praefixo
2147 948 2284 988 caret

733 1041 1153 1112 eoesuperabiles).

491 1143 598 1204 30,5
669 1139 915 1187 militibus
950 1152 1042 1201 pro
1081 1134 1301 1182 milibus.

493 1234 616 1296 30,11
668 1232 807 1281 victa
842 1244 906 1279 ea
941 1234 1034 1277 aut
1067 1242 1160 1293 pro
1198 1226 1363 1274 vietae
1396 1230 1501 1273 aut.

494 1325 603 1386 3l,4
676 1322 729 1370 in
766 1325 882 1368 ante
920 1317 1104 1367 mediis
1141 1313 1379 1364 additum.

493 1416 599 1475 3l,5
670 1411 890 1479 inferior
927 1409 1053 1459 tumi
1087 1424 1179 1473 pro
1220 1406 1536 1474 inferiorum.

495 1502 687 1552 Similia
723 1507 840 1549 sunt
876 1506 941 1562 et,
982 1515 1092 1546 cum
1128 1514 1229 1545 uno
1265 1496 1317 1544 in
1354 1494 1517 1560 capite
1555 1493 1881 1558 reperiantur,
1926 1490 2168 1539 notanda:

494 1596 598 1656 32,1
672 1591 960 1649 altitudine,
1000 1589 1220 1637 altitudo
1259 1594 1330 1636 est
1365 1602 1456 1651 pro
1493 1586 1728 1634 altitudo,

495 1687 599 1746 32,7
675 1684 813 1731 niues
850 1697 1022 1746 aquae
1057 1678 1261 1744 (aeque)
1296 1694 1388 1742 pro
1428 1677 1676 1740 niuesque.

496 1777 599 1837 32,7
676 1760 1103 1836 inanimaliaque,
1142 1768 1287 1817 Valla
1325 1768 1672 1831 inanimaque.

495 1868 625 1928 32,10
672 1882 741 1915 eoe
778 1881 840 1914 ea
875 1879 965 1928 pro
1004 1878 1085 1911 eoe.

674 1953 822 2014 Quod
866 1970 986 2001 vero
1031 1952 1084 1999 in
1128 1950 1307 1998 eodem
1352 1948 1516 2014 capite
1569 1947 1711 2013 (323)
1758 1945 1947 1994 delevit
1999 1943 2285 2008 Madvigius

737 2061 870 2104 uero,
923 2042 1150 2108 quamvis
1205 2040 1488 2101 molestum,
1542 2038 1717 2085 tollere
1764 2054 1867 2085 non
1911 2035 2086 2097 ausim,
2132 2034 2286 2081 multo

738 2134 888 2184 etiam
924 2133 1088 2182 minus
1125 2132 1178 2180 in
1198 2132 1319 2199 fere
1353 2137 1560 2178 mutare.

497 2228 621 2276 Post
675 2226 807 2274 hunc
853 2225 959 2273 fere
1001 2224 1181 2285 locum,
1230 2237 1528 2286 quamquam
1573 2226 1773 2284 praeter
1816 2233 2007 2265 morem
2052 2216 2102 2263 in
2146 2215 2287 2264 initio

358 2319 472 2368 libri
511 2318 833 2367 observatum
871 2314 1100 2363 omissa
1134 2330 1237 2362 non
1272 2311 1342 2360 ita
1378 2328 1539 2376 pauca
1576 2316 1706 2370 sunt,
1733 2317 1789 2358 ut
1815 2311 1920 2371 34,a
1947 2316 2107 2367 ratus,
2134 2302 2288 2354 multo

360 2418 534 2459 tamen
564 2407 870 2475 pluragfalso
909 2405 1172 2467 adduntur,
1210 2411 1266 2452 ut

499 2502 605 2561 33,5
676 2500 742 2549 ab
779 2503 894 2546 ante
935 2497 1218 2563 iniquitate,
1258 2494 1321 2543 de
1359 2510 1457 2559 quo
1493 2509 1690 2542 omnem
1726 2491 2091 2541 dubitationem
2126 2498 2290 2538 sustu-

738 2590 796 2639 lit
848 2589 1083 2655 Fuegner
1136 2587 1300 2650 (Neue
1354 2584 1721 2653 philologische
1769 2583 2089 2647 Rundschau,
2145 2584 2291 2645 1888,

737 2698 852 2747 pag.
892 2680 1026 2745 217).

500 2775 605 2836 353
674 2780 778 2825 aut.

502 2867 607 2930 35,3
669 2864 1051 2933 praecedebant
1086 2879 1177 2929 pro
1206 2863 1541 2929 praebebant.

502 2958 625 3020 35,11
680 2963 745 3007 ut.

503 3050 633 3114 35,12
681 3049 911 3115 adflictis
946 3064 1037 3112 pro
1076 3046 1266 3113 adfioei.
