2744 3760
1249 136 1522 170 ,20-

419 249 710 316 Saguntinis
769 248 861 313 [ad
901 248 1197 298 Hiberum
1252 256 1348 298 θεῖ
1392 248 1767 316 Saguntum],
1823 269 2070 317 nusquam
2096 257 2156 299 -ῖθ
2193 247 2346 298 vesti-

415 342 495 404 gio
533 340 753 390 moveris
767 340 806 389 b>
862 358 1035 407 pamm
1074 348 1154 390 est
1192 340 1327 406 quod
1362 342 1659 391 veterrimas
1695 341 1985 407 provincias
2021 359 2183 391 meas
2222 339 2346 389 Sici-

413 432 531 481 liam
587 448 645 480 ac
703 430 984 481 Sardiniam
1040 431 1364 481 ademisti?
1408 432 1631 482 adimis
1670 432 1847 482 etiam
1885 432 2254 498 Hispanias?
2290 436 2349 479 et

412 521 557 570 inde
596 521 649 570 si
686 521 1044 585 decessero,
1099 522 1159 570 in
1214 522 1490 571 Africam
1544 522 1974 573 transcendes.
2031 529 2343 572 transcen-

413 613 521 662 des
559 621 766 663 autem
821 614 992 663 dico?
1043 613 1172 663 duos
1208 613 1444 662 consules
1480 614 1627 663 huius
1665 615 1797 678 anni,
1833 632 1987 664 unum
2021 613 2074 663 in
2110 613 2347 675 Africam,

414 704 626 754 alterum
668 705 721 754 in
767 705 1066 772 Hispaniam
1104 705 1361 755 miserunt.
1401 704 1525 754 nihil
1549 722 1763 771 usquam
1795 700 1947 754 *nobis
1983 703 2213 753 relictum
2252 709 2346 766 est,

415 803 465 845 et
503 814 548 860 q.
589 814 629 845 ε.

553 887 727 947 Recte,
784 895 837 935 ut
894 887 1039 949 solet,
1088 888 1255 936 Luchs
1312 888 1433 952 egit,
1479 905 1592 935 cum
1629 885 1838 935 seclusit
1874 887 1948 936 ad
1982 887 2238 935 Hiberam
2277 892 2348 934 est

413 979 720 1041 Sayantam.
770 995 887 1025 nam
925 986 979 1026 at
1016 980 1232 1026 liberam
1269 986 1341 1026 est
1377 980 1670 1042 Saguntum
1707 976 1906 1024 etiamsi
1943 976 2054 1040 quis
2093 992 2346 1023 commen-

412 1073 493 1116 tus
532 1073 626 1131 est,
665 1067 822 1117 nihilo
861 1067 1040 1131 minus,
1077 1067 1230 1117 immo
1267 1067 1430 1133 magis
1468 1066 1735 1117 conturbat
1772 1066 2012 1116 orationis
2039 1072 2344 1115 contextum.

413 1157 810 1208 additamentum
858 1159 908 1208 in
948 1158 986 1207 P
1025 1165 1119 1222 est,
1157 1158 1208 1207 in
1245 1157 1612 1208 recentioribus
1649 1175 1751 1208 non
1788 1164 1882 1207 est.
1921 1157 1973 1207 in
2011 1157 2188 1207 eadem
2224 1173 2345 1206 vero

412 1249 607 1298 ratione
622 1257 863 1299 constans
880 1232 1137 1298 ex'iisdem
1155 1249 1296 1298 libris
1318 1267 1446 1314 quae
1462 1256 1741 1314 sequuntur
1759 1248 1934 1298 debuit
1957 1249 2124 1298 Luchs
2138 1248 2209 1297 ita
2222 1248 2344 1298 scri-

411 1340 550 1403 bere,
589 1340 761 1388 addita
797 1358 897 1388 una
933 1340 1114 1388 vocula
1153 1342 1275 1400 iam,
1314 1357 1379 1388 ne
1417 1357 1478 1388 ea
1515 1339 1716 1404 quidem
1754 1357 1960 1405 prorsus
1997 1339 2307 1387 necessaria:

549 1433 792 1480 Siciliam
847 1448 912 1479 ac
963 1432 1277 1479 Sardiniam
1315 1432 1556 1479 adimit.
1600 1433 1661 1479 in
1697 1433 2059 1497 Hispanias
2096 1439 2165 1491 et,
2206 1432 2347 1480 inde

410 1525 465 1572 si
502 1538 764 1581 cessero,
807 1524 868 1570 in
907 1522 1197 1588 Africam
1236 1522 1654 1571 transcendet.
1705 1523 2110 1571 transcendet
2145 1529 2347 1571 autem

409 1615 581 1663 dico:
617 1614 775 1662 daos
822 1613 1054 1661 consides
1091 1613 1245 1661 haias
1283 1614 1414 1660 anni
1450 1629 1608 1662 anam
1648 1614 1700 1660 in
1736 1613 1996 1679 Africam,
2036 1614 2255 1662 alteram
2294 1615 2346 1661 in

409 1705 749 1770 Hispaniam
789 1703 913 1751 iam
952 1704 1211 1751 miserant.

545 1794 617 1844 ita
670 1794 859 1844 adimit
913 1800 964 1842 et
1009 1794 1329 1844 transcendit
1365 1792 1783 1843 antecedentibus
1820 1793 1918 1843 illis
1956 1796 2342 1857 circumscribit,

411 1888 645 1948 includit,
702 1887 938 1937 observat
983 1884 1321 1951 respondent;
1368 1884 1420 1934 in
1458 1883 1789 1951 sequentibus
1826 1884 1925 1934 iam
1962 1884 2121 1936 fracta
2158 1886 2341 1936 oratio-

406 1981 485 2029 nis
541 1979 787 2045 figuratae
843 1976 892 2025 vi
931 1976 993 2025 de
1032 1984 1170 2026 certa
1205 1995 1259 2026 re
1298 1976 1504 2042 pluralis
1541 1994 1778 2025 numerus
1815 1977 2039 2043 ponitur:
2081 1980 2341 2041 miserant,

406 2073 538 2123 sicut
593 2078 742 2120 antea
796 2071 1215 2136 depoposcerunt.
1257 2076 1432 2119 contra
1469 2070 1511 2118 si
1550 2087 1615 2119 ex
1653 2069 1720 2117 Ρ1
1764 2077 1815 2119 θῖ
1851 2070 2140 2120 coniectura
2177 2071 2339 2120 Heer-

405 2162 604 2228 wageni
640 2148 693 2209 in
729 2168 924 2210 textum
942 2160 1082 2225 illata
1101 2168 1246 2209 erunt
1265 2162 1520 2221 ademisti,
1543 2161 1737 2210 adimis
1757 2168 1808 2209 θῖ
1830 2179 1878 2225 q.
1905 2179 1962 2223 s.,
1992 2161 2233 2227 perplexe
2257 2161 2340 2210 Li-

402 2254 516 2301 vius
553 2254 605 2301 in
626 2253 926 2301 Hannibalis
947 2254 1174 2301 oratione
1194 2261 1300 2300 tum
1322 2253 1601 2300 Romanum
1620 2260 1726 2300 tum
1745 2253 1921 2300 nescio
1943 2270 2092 2317 quem
2114 2254 2340 2301 Poenum

404 2345 467 2393 de
489 2345 730 2393 alterutro
752 2345 976 2393 secunda
994 2352 1221 2393 utentem
1240 2361 1460 2411 persona
1479 2344 1687 2408 inducit,
1710 2361 1822 2392 cum
1842 2344 1991 2411 paulo
2012 2351 2129 2392 ante
2150 2344 2252 2392 dux
2276 2345 2340 2393 de

403 2452 459 2485 εθ
514 2437 627 2502 ipse
683 2436 845 2503 prima
899 2453 1119 2502 persona
1174 2436 1352 2502 egerit.
1392 2436 1642 2485 debentur
1679 2437 1774 2485 hae
1814 2437 2132 2485 coniecturae
2169 2437 2340 2486 verbis

403 2529 688 2578 veterrimis
734 2529 1043 2596 provincias
1092 2545 1257 2577 meas
1294 2529 1497 2588 adimit,
1536 2527 1588 2576 in
1627 2527 1808 2593 quibus
1847 2545 1987 2578 meas
2023 2527 2146 2577 illud
2182 2535 2339 2578 rettu-

400 2619 567 2668 lerunt
621 2619 686 2668 ad
744 2619 986 2683 Poenum,
1035 2637 1184 2685 quem
1220 2619 1513 2684 loquentem
1549 2618 1761 2685 fingunt.
1799 2619 1952 2669 immo
1990 2637 2107 2669 suas
2145 2619 2338 2669 Hanni-

400 2710 485 2759 bal
540 2710 667 2759 dixit
704 2712 1008 2777 provincias,
1049 2712 1180 2760 sicut
1217 2712 1421 2760 omnino
1458 2711 1510 2759 in
1546 2711 1641 2759 hac
1680 2711 2027 2760 cohortatione
2066 2712 2131 2760 ad
2168 2728 2223 2760 se
2260 2712 2338 2777 ip-

400 2821 511 2850 sum
547 2801 761 2867 plurima
796 2803 965 2865 refert,
1005 2811 1061 2851 ut
1096 2802 1324 2851 barbaris
1359 2801 1599 2867 gentibus
1635 2801 1869 2851 fiduciam
1902 2801 2220 2868 imperatoris
2244 2801 2337 2851 ini-

399 2894 512 2942 ciat.
587 2894 640 2941 in
697 2894 735 2940 P
791 2894 965 2942 codice
1022 2896 1217 2944 adimis
1272 2912 1335 2942 ex
1373 2896 1561 2944 adimit
1597 2901 1886 2960 corruptum
1922 2894 2046 2941 nihil
2083 2894 2336 2960 singulare
2374 2937 2377 2940 .

398 2984 573 3053 habet3
614 2984 701 3034 cfr.
743 2984 785 3033 si
823 2985 948 3033 tanti
987 2992 1066 3034 est
1102 2987 1333 3036 dimissis
1371 2985 1458 3049 P',
1497 2987 1721 3035 dimissit
1759 2985 1830 3032 Ρ2
1866 3000 1958 3050 pro
1996 2986 2193 3035 dimisit
2211 2988 2333 3048 48,2.
