<?xml version="1.0" encoding="UTF-8"?>
<!DOCTYPE html PUBLIC "-//W3C//DTD XHTML 1.0 Transitional//EN"
    "http://www.w3.org/TR/xhtml1/DTD/xhtml1-transitional.dtd">
<html xmlns="http://www.w3.org/1999/xhtml" xml:lang="en" lang="en">
 <head>
  <title>
</title>
<meta http-equiv="Content-Type" content="text/html;charset=utf-8" />
  <meta name='ocr-system' content='tesseract 3.04.00' />
  <meta name='ocr-capabilities' content='ocr_page ocr_carea ocr_par ocr_line ocrx_word'/>
</head>
<body>
  <div class='ocr_page' id='page_1' title='image "4777073_0021.png"; bbox 0 0 2744 3760; ppageno 0'>
   <div class='ocr_carea' id='block_1_1' title="bbox 1149 156 1446 192">
    <p class='ocr_par' dir='ltr' id='par_1_1' title="bbox 1149 156 1446 192">
     <span class='ocr_line' id='line_1_1' title="bbox 1149 156 1446 192; baseline -0.007 -14"><span class='ocrx_word' id='word_1_1' title='bbox 1149 156 1446 192; x_wconf 70' lang='lat'><strong><em>—7—</em></strong></span> 
     </span>
    </p>
   </div>
   <div class='ocr_carea' id='block_1_2' title="bbox 332 273 2265 705">
    <p class='ocr_par' dir='ltr' id='par_1_2' title="bbox 334 273 2265 430">
     <span class='ocr_line' id='line_1_2' title="bbox 335 273 2265 341; baseline 0.002 -19"><span class='ocrx_word' id='word_1_2' title='bbox 335 280 470 322; x_wconf 88' lang='lat' dir='ltr'><strong><em>erat:</em></strong></span> <span class='ocrx_word' id='word_1_3' title='bbox 488 273 659 340; x_wconf 82' lang='lat' dir='ltr'><strong><em>favor</em></strong></span> <span class='ocrx_word' id='word_1_4' title='bbox 694 275 861 340; x_wconf 85' lang='lat' dir='ltr'><strong><em>plebis</em></strong></span> <span class='ocrx_word' id='word_1_5' title='bbox 904 274 1221 340; x_wconf 77' lang='lat' dir='ltr'><strong><em>sequebatur.</em></strong></span> <span class='ocrx_word' id='word_1_6' title='bbox 1296 274 1433 324; x_wconf 83' lang='lat' dir='ltr'><strong><em>hunc</em></strong></span> <span class='ocrx_word' id='word_1_7' title='bbox 1477 276 1695 325; x_wconf 71' lang='lat' dir='ltr'><strong><em>vixdum</em></strong></span> <span class='ocrx_word' id='word_1_8' title='bbox 1733 277 1977 341; x_wconf 78' lang='lat' dir='ltr'><strong><em>puberem</em></strong></span> <span class='ocrx_word' id='word_1_9' title='bbox 2022 277 2265 326; x_wconf 90' lang='lat' dir='ltr'><strong><em>Hasdru-</em></strong></span> 
     </span>
     <span class='ocr_line' id='line_1_3' title="bbox 334 347 1544 430; baseline 0 -18"><span class='ocrx_word' id='word_1_10' title='bbox 334 365 422 413; x_wconf 90' lang='lat' dir='ltr'><strong><em>bal</em></strong></span> <span class='ocrx_word' id='word_1_11' title='bbox 459 365 639 414; x_wconf 85' lang='lat' dir='ltr'><strong><em>litteris</em></strong></span> <span class='ocrx_word' id='word_1_12' title='bbox 677 366 750 415; x_wconf 94' lang='lat' dir='ltr'><strong><em>ad</em></strong></span> <span class='ocrx_word' id='word_1_13' title='bbox 785 382 837 414; x_wconf 88' lang='lat' dir='ltr'><strong><em>se</em></strong></span> <span class='ocrx_word' id='word_1_14' title='bbox 873 365 1184 414; x_wconf 78' lang='lat' dir='ltr'><strong><em>accersierat</em></strong></span> <span class='ocrx_word' id='word_1_15' title='bbox 1221 370 1272 412; x_wconf 88' lang='lat' dir='ltr'><strong><em>et</em></strong></span> <span class='ocrx_word' id='word_1_16' title='bbox 1309 381 1356 430; x_wconf 90' lang='lat' dir='ltr'><strong><em>q.</em></strong></span> <span class='ocrx_word' id='word_1_17' title='bbox 1396 382 1436 413; x_wconf 88' lang='lat' dir='ltr'><strong><em>s.</em></strong></span> <span class='ocrx_word' id='word_1_18' title='bbox 1524 347 1544 358; x_wconf 27' lang='lat' dir='ltr'>N</span> 
     </span>
    </p>

    <p class='ocr_par' dir='ltr' id='par_1_3' title="bbox 332 455 2264 705">
     <span class='ocr_line' id='line_1_4' title="bbox 470 455 2264 508; baseline 0.002 -4"><span class='ocrx_word' id='word_1_19' title='bbox 470 455 522 504; x_wconf 94' lang='lat' dir='ltr'><strong><em>in</em></strong></span> <span class='ocrx_word' id='word_1_20' title='bbox 557 456 653 505; x_wconf 90' lang='lat' dir='ltr'><strong><em>hoc</em></strong></span> <span class='ocrx_word' id='word_1_21' title='bbox 690 456 957 505; x_wconf 91' lang='lat' dir='ltr'><strong><em>verborum</em></strong></span> <span class='ocrx_word' id='word_1_22' title='bbox 995 461 1234 504; x_wconf 83' lang='lat' dir='ltr'><strong><em>contextu</em></strong></span> <span class='ocrx_word' id='word_1_23' title='bbox 1267 456 1432 504; x_wconf 85' lang='lat' dir='ltr'><strong><em>minus</em></strong></span> <span class='ocrx_word' id='word_1_24' title='bbox 1459 456 1579 504; x_wconf 91' lang='lat' dir='ltr'><strong><em>dure</em></strong></span> <span class='ocrx_word' id='word_1_25' title='bbox 1617 464 1800 506; x_wconf 89' lang='lat' dir='ltr'><strong><em>sonant</em></strong></span> <span class='ocrx_word' id='word_1_26' title='bbox 1827 460 1879 506; x_wconf 89' lang='lat' dir='ltr'><strong><em>in</em></strong></span> <span class='ocrx_word' id='word_1_27' title='bbox 1903 460 2264 508; x_wconf 80' lang='lat' dir='ltr'><strong><em>Hasdrubalis</em></strong></span> 
     </span>
     <span class='ocr_line' id='line_1_5' title="bbox 333 546 2261 616; baseline 0.002 -20"><span class='ocrx_word' id='word_1_28' title='bbox 333 547 499 597; x_wconf 89' lang='lat' dir='ltr'><strong><em>locum</em></strong></span> <span class='ocrx_word' id='word_1_29' title='bbox 536 564 649 596; x_wconf 86' lang='lat' dir='ltr'><strong><em>cum</em></strong></span> <span class='ocrx_word' id='word_1_30' title='bbox 687 546 869 597; x_wconf 88' lang='lat' dir='ltr'><strong><em>ceteris</em></strong></span> <span class='ocrx_word' id='word_1_31' title='bbox 907 546 1189 610; x_wconf 87' lang='lat' dir='ltr'><strong><em>coniuncta,</em></strong></span> <span class='ocrx_word' id='word_1_32' title='bbox 1228 553 1279 596; x_wconf 92' lang='lat' dir='ltr'><strong><em>et</em></strong></span> <span class='ocrx_word' id='word_1_33' title='bbox 1317 553 1468 612; x_wconf 85' lang='lat' dir='ltr'><strong><em>caput</em></strong></span> <span class='ocrx_word' id='word_1_34' title='bbox 1503 547 1802 597; x_wconf 78' lang='lat' dir='ltr'><strong><em>narrationis</em></strong></span> <span class='ocrx_word' id='word_1_35' title='bbox 1840 548 1970 614; x_wconf 88' lang='lat' dir='ltr'><strong><em>(qua</em></strong></span> <span class='ocrx_word' id='word_1_36' title='bbox 2006 551 2261 616; x_wconf 75' lang='lat' dir='ltr'><strong><em>eoetemplo</em></strong></span> 
     </span>
     <span class='ocr_line' id='line_1_6' title="bbox 332 636 2259 705; baseline 0.001 -18"><span class='ocrx_word' id='word_1_37' title='bbox 332 637 447 703; x_wconf 87' lang='lat' dir='ltr'><strong><em>etc.)</em></strong></span> <span class='ocrx_word' id='word_1_38' title='bbox 484 636 646 703; x_wconf 88' lang='lat' dir='ltr'><strong><em>magis</em></strong></span> <span class='ocrx_word' id='word_1_39' title='bbox 683 636 740 687; x_wconf 90' lang='lat' dir='ltr'><strong><em>fit</em></strong></span> <span class='ocrx_word' id='word_1_40' title='bbox 774 636 1111 704; x_wconf 81' lang='lat' dir='ltr'><strong><em>perspicuum,</em></strong></span> <span class='ocrx_word' id='word_1_41' title='bbox 1150 644 1202 687; x_wconf 90' lang='lat' dir='ltr'><strong><em>et</em></strong></span> <span class='ocrx_word' id='word_1_42' title='bbox 1237 636 1425 688; x_wconf 91' lang='lat' dir='ltr'><strong><em>maiore</em></strong></span> <span class='ocrx_word' id='word_1_43' title='bbox 1473 636 1523 687; x_wconf 87' lang='lat' dir='ltr'><strong><em>vi</em></strong></span> <span class='ocrx_word' id='word_1_44' title='bbox 1559 639 1728 705; x_wconf 86' lang='lat' dir='ltr'><strong><em>plebis</em></strong></span> <span class='ocrx_word' id='word_1_45' title='bbox 1771 637 1958 688; x_wconf 88' lang='lat' dir='ltr'><strong><em>mentio</em></strong></span> <span class='ocrx_word' id='word_1_46' title='bbox 1995 637 2259 689; x_wconf 80' lang='lat' dir='ltr'><strong><em>inducitur.</em></strong></span> 
     </span>
    </p>
   </div>
   <div class='ocr_carea' id='block_1_3' title="bbox 329 726 2262 886">
    <p class='ocr_par' dir='ltr' id='par_1_4' title="bbox 329 726 2262 886">
     <span class='ocr_line' id='line_1_7' title="bbox 330 726 2262 797; baseline 0.003 -20"><span class='ocrx_word' id='word_1_47' title='bbox 330 726 501 779; x_wconf 90' lang='lat' dir='ltr'><strong><em>addita</em></strong></span> <span class='ocrx_word' id='word_1_48' title='bbox 537 736 703 779; x_wconf 90' lang='lat' dir='ltr'><strong><em>autem</em></strong></span> <span class='ocrx_word' id='word_1_49' title='bbox 739 728 938 779; x_wconf 88' lang='lat' dir='ltr'><strong><em>videtur</em></strong></span> <span class='ocrx_word' id='word_1_50' title='bbox 972 731 1097 797; x_wconf 89' lang='lat' dir='ltr'><strong><em>quin</em></strong></span> <span class='ocrx_word' id='word_1_51' title='bbox 1134 728 1378 795; x_wconf 89' lang='lat' dir='ltr'><strong><em>particula</em></strong></span> <span class='ocrx_word' id='word_1_52' title='bbox 1414 745 1479 778; x_wconf 85' lang='lat' dir='ltr'><strong><em>ex</em></strong></span> <span class='ocrx_word' id='word_1_53' title='bbox 1502 728 1690 795; x_wconf 81' lang='lat' dir='ltr'><strong><em>glossa,</em></strong></span> <span class='ocrx_word' id='word_1_54' title='bbox 1720 746 1869 795; x_wconf 91' lang='lat' dir='ltr'><strong><em>quam</em></strong></span> <span class='ocrx_word' id='word_1_55' title='bbox 1895 746 1958 778; x_wconf 86' lang='lat' dir='ltr'><strong><em>ex</em></strong></span> <span class='ocrx_word' id='word_1_56' title='bbox 1984 731 2092 793; x_wconf 84' lang='lat'><strong>36‚4</strong></span> <span class='ocrx_word' id='word_1_57' title='bbox 2117 731 2262 782; x_wconf 85' lang='lat' dir='ltr'><strong><em>haud</em></strong></span> 
     </span>
     <span class='ocr_line' id='line_1_8' title="bbox 329 819 2261 886; baseline 0.001 -18"><span class='ocrx_word' id='word_1_58' title='bbox 329 821 491 869; x_wconf 89' lang='lat' dir='ltr'><strong><em>dubia</em></strong></span> <span class='ocrx_word' id='word_1_59' title='bbox 528 836 607 869; x_wconf 86' lang='lat' dir='ltr'><strong><em>res</em></strong></span> <span class='ocrx_word' id='word_1_60' title='bbox 646 823 759 869; x_wconf 80' lang='lat' dir='ltr'><strong><em>cisa</em></strong></span> <span class='ocrx_word' id='word_1_61' title='bbox 795 823 920 886; x_wconf 88' lang='lat' dir='ltr'><strong><em>quin</em></strong></span> <span class='ocrx_word' id='word_1_62' title='bbox 965 820 1182 868; x_wconf 84' lang='lat' dir='ltr'><strong><em>fortasse</em></strong></span> <span class='ocrx_word' id='word_1_63' title='bbox 1229 819 1471 868; x_wconf 87' lang='lat' dir='ltr'><strong><em>confinxit</em></strong></span> <span class='ocrx_word' id='word_1_64' title='bbox 1512 820 1767 880; x_wconf 84' lang='lat' dir='ltr'><strong><em>librarius;</em></strong></span> <span class='ocrx_word' id='word_1_65' title='bbox 1806 820 2116 885; x_wconf 79' lang='lat' dir='ltr'><strong><em>procedente</em></strong></span> <span class='ocrx_word' id='word_1_66' title='bbox 2153 821 2261 869; x_wconf 94' lang='lat' dir='ltr'><strong><em>lon-</em></strong></span> 
     </span>
    </p>
   </div>
   <div class='ocr_carea' id='block_1_4' title="bbox 325 910 2261 979">
    <p class='ocr_par' dir='ltr' id='par_1_5' title="bbox 325 910 2261 979">
     <span class='ocr_line' id='line_1_9' title="bbox 325 910 2261 979; baseline 0 -18"><span class='ocrx_word' id='word_1_67' title='bbox 325 911 440 978; x_wconf 87' lang='lat' dir='ltr'><strong><em>gius</em></strong></span> <span class='ocrx_word' id='word_1_68' title='bbox 477 911 759 979; x_wconf 87' lang='lat' dir='ltr'><strong><em>corruptela</em></strong></span> <span class='ocrx_word' id='word_1_69' title='bbox 802 911 856 959; x_wconf 91' lang='lat' dir='ltr'><strong><em>in</em></strong></span> <span class='ocrx_word' id='word_1_70' title='bbox 899 910 962 959; x_wconf 70' lang='lat'><strong><em>(3²</em></strong></span> <span class='ocrx_word' id='word_1_71' title='bbox 1010 917 1129 959; x_wconf 88' lang='lat' dir='ltr'><strong><em>nata</em></strong></span> <span class='ocrx_word' id='word_1_72' title='bbox 1164 917 1283 958; x_wconf 87' lang='lat' dir='ltr'><strong><em>sunt</em></strong></span> <span class='ocrx_word' id='word_1_73' title='bbox 1316 914 1751 978; x_wconf 64' lang='lat' dir='ltr'><strong><em>praerogativam</em></strong></span> <span class='ocrx_word' id='word_1_74' title='bbox 1789 914 2067 961; x_wconf 87' lang='lat' dir='ltr'><strong><em>militarem</em></strong></span> <span class='ocrx_word' id='word_1_75' title='bbox 2107 920 2159 960; x_wconf 90' lang='lat' dir='ltr'><strong><em>et</em></strong></span> <span class='ocrx_word' id='word_1_76' title='bbox 2195 930 2261 962; x_wconf 84' lang='lat' dir='ltr'><strong><em>se-</em></strong></span> 
     </span>
    </p>
   </div>
   <div class='ocr_carea' id='block_1_5' title="bbox 327 1013 575 1071">
    <p class='ocr_par' dir='ltr' id='par_1_6' title="bbox 327 1013 575 1071">
     <span class='ocr_line' id='line_1_10' title="bbox 327 1013 575 1071; baseline -0.008 -16"><span class='ocrx_word' id='word_1_77' title='bbox 327 1013 575 1071; x_wconf 81' lang='lat' dir='ltr'><strong><em>queretur.</em></strong></span> 
     </span>
    </p>
   </div>
   <div class='ocr_carea' id='block_1_6' title="bbox 250 1279 2259 3082">
    <p class='ocr_par' dir='ltr' id='par_1_7' title="bbox 316 1279 2259 1713">
     <span class='ocr_line' id='line_1_11' title="bbox 461 1279 2259 1346; baseline 0.002 -17"><span class='ocrx_word' id='word_1_78' title='bbox 461 1279 582 1329; x_wconf 93' lang='lat' dir='ltr'><strong><em>XXI</em></strong></span> <span class='ocrx_word' id='word_1_79' title='bbox 619 1280 700 1340; x_wconf 52' lang='lat'><strong><em>53³.</em></strong></span> <span class='ocrx_word' id='word_1_80' title='bbox 757 1279 938 1345; x_wconf 87' lang='lat' dir='ltr'><strong><em>quibus</em></strong></span> <span class='ocrx_word' id='word_1_81' title='bbox 976 1279 1328 1346; x_wconf 85' lang='lat' dir='ltr'><strong><em>oppugnandis</em></strong></span> <span class='ocrx_word' id='word_1_82' title='bbox 1366 1279 1482 1346; x_wconf 91' lang='lat' dir='ltr'><strong><em>quia</em></strong></span> <span class='ocrx_word' id='word_1_83' title='bbox 1517 1280 1649 1331; x_wconf 92' lang='lat' dir='ltr'><strong><em>haud</em></strong></span> <span class='ocrx_word' id='word_1_84' title='bbox 1687 1280 1838 1332; x_wconf 88' lang='lat' dir='ltr'><strong><em>dubie</em></strong></span> <span class='ocrx_word' id='word_1_85' title='bbox 1868 1281 2094 1332; x_wconf 87' lang='lat' dir='ltr'><strong><em>Romana</em></strong></span> <span class='ocrx_word' id='word_1_86' title='bbox 2122 1299 2259 1332; x_wconf 89' lang='lat' dir='ltr'><strong><em>arma</em></strong></span> 
     </span>
     <span class='ocr_line' id='line_1_12' title="bbox 323 1370 2256 1438; baseline 0.001 -18"><span class='ocrx_word' id='word_1_87' title='bbox 323 1371 670 1435; x_wconf 87' lang='lat' dir='ltr'><strong><em>movebantur,</em></strong></span> <span class='ocrx_word' id='word_1_88' title='bbox 697 1371 751 1421; x_wconf 84' lang='lat' dir='ltr'><strong><em>in</em></strong></span> <span class='ocrx_word' id='word_1_89' title='bbox 780 1370 1024 1421; x_wconf 88' lang='lat' dir='ltr'><strong><em>Olcadum</em></strong></span> <span class='ocrx_word' id='word_1_90' title='bbox 1059 1371 1198 1438; x_wconf 88' lang='lat' dir='ltr'><strong><em>prius</em></strong></span> <span class='ocrx_word' id='word_1_91' title='bbox 1234 1371 1362 1422; x_wconf 90' lang='lat' dir='ltr'><strong><em>fines</em></strong></span> <span class='ocrx_word' id='word_1_92' title='bbox 1397 1401 1466 1409; x_wconf 91' lang='grc'><strong>-</strong></span> <span class='ocrx_word' id='word_1_93' title='bbox 1500 1371 1629 1422; x_wconf 88' lang='lat' dir='ltr'><strong><em>ultra</em></strong></span> <span class='ocrx_word' id='word_1_94' title='bbox 1665 1371 1912 1422; x_wconf 90' lang='lat' dir='ltr'><strong><em>Hiberum</em></strong></span> <span class='ocrx_word' id='word_1_95' title='bbox 1940 1390 2001 1423; x_wconf 93' lang='lat' dir='ltr'><strong><em>ea</em></strong></span> <span class='ocrx_word' id='word_1_96' title='bbox 2036 1390 2166 1438; x_wconf 86' lang='lat' dir='ltr'><strong><em>gens</em></strong></span> <span class='ocrx_word' id='word_1_97' title='bbox 2204 1373 2256 1422; x_wconf 90' lang='lat' dir='ltr'><strong><em>in</em></strong></span> 
     </span>
     <span class='ocr_line' id='line_1_13' title="bbox 322 1462 2256 1529; baseline 0.001 -17"><span class='ocrx_word' id='word_1_98' title='bbox 322 1470 465 1529; x_wconf 84' lang='lat' dir='ltr'><strong><em>parte</em></strong></span> <span class='ocrx_word' id='word_1_99' title='bbox 509 1463 670 1529; x_wconf 84' lang='lat' dir='ltr'><strong><em>magis</em></strong></span> <span class='ocrx_word' id='word_1_100' title='bbox 717 1481 866 1529; x_wconf 89' lang='lat' dir='ltr'><strong><em>quam</em></strong></span> <span class='ocrx_word' id='word_1_101' title='bbox 908 1464 961 1512; x_wconf 93' lang='lat' dir='ltr'><strong><em>in</em></strong></span> <span class='ocrx_word' id='word_1_102' title='bbox 1012 1463 1209 1513; x_wconf 90' lang='lat' dir='ltr'><strong><em>dicione</em></strong></span> <span class='ocrx_word' id='word_1_103' title='bbox 1256 1462 1748 1529; x_wconf 82' lang='lat' dir='ltr'><strong><em>Carthaginiensium</em></strong></span> <span class='ocrx_word' id='word_1_104' title='bbox 1793 1472 1901 1513; x_wconf 87' lang='lat' dir='ltr'><strong><em>erat</em></strong></span> <span class='ocrx_word' id='word_1_105' title='bbox 1944 1495 2011 1501; x_wconf 90' lang='lat'><strong><em>——</em></strong></span> <span class='ocrx_word' id='word_1_106' title='bbox 2054 1464 2256 1520; x_wconf 67' lang='lat' dir='ltr'><strong><em>induxit,</em></strong></span> 
     </span>
     <span class='ocr_line' id='line_1_14' title="bbox 317 1539 2255 1622; baseline -0.001 -18"><span class='ocrx_word' id='word_1_107' title='bbox 317 1539 607 1620; x_wconf 84' lang='lat' dir='ltr'><strong><em>exercitum,</em></strong></span> <span class='ocrx_word' id='word_1_108' title='bbox 651 1562 706 1605; x_wconf 91' lang='lat' dir='ltr'><strong><em>ut</em></strong></span> <span class='ocrx_word' id='word_1_109' title='bbox 749 1572 851 1604; x_wconf 90' lang='lat' dir='ltr'><strong><em>non</em></strong></span> <span class='ocrx_word' id='word_1_110' title='bbox 892 1555 1085 1622; x_wconf 87' lang='lat' dir='ltr'><strong><em>petisse</em></strong></span> <span class='ocrx_word' id='word_1_111' title='bbox 1135 1554 1459 1622; x_wconf 81' lang='lat' dir='ltr'><strong><em>Saguntinos,</em></strong></span> <span class='ocrx_word' id='word_1_112' title='bbox 1506 1554 1597 1604; x_wconf 87' lang='lat' dir='ltr'><strong><em>sed</em></strong></span> <span class='ocrx_word' id='word_1_113' title='bbox 1642 1573 1808 1605; x_wconf 90' lang='lat' dir='ltr'><strong><em>rerum</em></strong></span> <span class='ocrx_word' id='word_1_114' title='bbox 1857 1556 1987 1605; x_wconf 87' lang='lat' dir='ltr'><strong><em>serie</em></strong></span> <span class='ocrx_word' id='word_1_115' title='bbox 2026 1555 2255 1604; x_wconf 88' lang='lat' dir='ltr'><strong><em>finitimis</em></strong></span> 
     </span>
     <span class='ocr_line' id='line_1_15' title="bbox 316 1646 2249 1713; baseline 0 -17"><span class='ocrx_word' id='word_1_116' title='bbox 316 1646 518 1696; x_wconf 86' lang='lat' dir='ltr'><strong><em>domitis</em></strong></span> <span class='ocrx_word' id='word_1_117' title='bbox 544 1647 782 1713; x_wconf 84' lang='lat' dir='ltr'><strong><em>gentibus</em></strong></span> <span class='ocrx_word' id='word_1_118' title='bbox 808 1647 1245 1713; x_wconf 88' lang='lat' dir='ltr'><strong><em>iungendoque</em></strong></span> <span class='ocrx_word' id='word_1_119' title='bbox 1271 1653 1461 1696; x_wconf 87' lang='lat' dir='ltr'><strong><em>tractus</em></strong></span> <span class='ocrx_word' id='word_1_120' title='bbox 1489 1648 1554 1697; x_wconf 91' lang='lat' dir='ltr'><strong><em>ad</em></strong></span> <span class='ocrx_word' id='word_1_121' title='bbox 1581 1647 1635 1697; x_wconf 92' lang='lat' dir='ltr'><strong><em>id</em></strong></span> <span class='ocrx_word' id='word_1_122' title='bbox 1660 1648 1849 1698; x_wconf 90' lang='lat' dir='ltr'><strong><em>bellum</em></strong></span> <span class='ocrx_word' id='word_1_123' title='bbox 1874 1648 2037 1697; x_wconf 83' lang='lat' dir='ltr'><strong><em>videri</em></strong></span> <span class='ocrx_word' id='word_1_124' title='bbox 2059 1655 2249 1713; x_wconf 88' lang='lat' dir='ltr'><strong><em>posset.</em></strong></span> 
     </span>
    </p>

    <p class='ocr_par' dir='ltr' id='par_1_8' title="bbox 250 1736 2257 3082">
     <span class='ocr_line' id='line_1_16' title="bbox 458 1736 2248 1805; baseline -0.002 -17"><span class='ocrx_word' id='word_1_125' title='bbox 458 1736 758 1805; x_wconf 80' lang='lat' dir='ltr'><strong><em>Suspectum</em></strong></span> <span class='ocrx_word' id='word_1_126' title='bbox 802 1737 926 1788; x_wconf 92' lang='lat' dir='ltr'><strong><em>illud</em></strong></span> <span class='ocrx_word' id='word_1_127' title='bbox 973 1739 1331 1805; x_wconf 65' lang='lat' dir='ltr'><strong><em>iungendoque</em></strong></span> <span class='ocrx_word' id='word_1_128' title='bbox 1374 1738 1459 1787; x_wconf 85' lang='lat' dir='ltr'><strong><em>vix</em></strong></span> <span class='ocrx_word' id='word_1_129' title='bbox 1502 1746 1691 1788; x_wconf 88' lang='lat' dir='ltr'><strong><em>tutatur</em></strong></span> <span class='ocrx_word' id='word_1_130' title='bbox 1735 1738 1862 1787; x_wconf 92' lang='lat' dir='ltr'><strong><em>Plin.</em></strong></span> <span class='ocrx_word' id='word_1_131' title='bbox 1903 1755 1982 1805; x_wconf 93' lang='lat' dir='ltr'><strong><em>ep.</em></strong></span> <span class='ocrx_word' id='word_1_132' title='bbox 2024 1737 2103 1786; x_wconf 91' lang='lat' dir='ltr'><strong><em>III</em></strong></span> <span class='ocrx_word' id='word_1_133' title='bbox 2146 1740 2248 1801; x_wconf 84' lang='lat'>19,2</span> 
     </span>
     <span class='ocr_line' id='line_1_17' title="bbox 309 1830 2248 1895; baseline 0.001 -17"><span class='ocrx_word' id='word_1_134' title='bbox 309 1830 543 1895; x_wconf 88' lang='lat' dir='ltr'><strong><em>praedia</em></strong></span> <span class='ocrx_word' id='word_1_135' title='bbox 579 1831 726 1895; x_wconf 74' lang='lat' dir='ltr'><strong><em>aqris</em></strong></span> <span class='ocrx_word' id='word_1_136' title='bbox 764 1830 886 1879; x_wconf 85' lang='lat' dir='ltr'><strong><em>meis</em></strong></span> <span class='ocrx_word' id='word_1_137' title='bbox 923 1830 1097 1879; x_wconf 78' lang='lat' dir='ltr'><strong><em>vicina</em></strong></span> <span class='ocrx_word' id='word_1_138' title='bbox 1134 1836 1286 1892; x_wconf 84' lang='lat' dir='ltr'><strong><em>atque</em></strong></span> <span class='ocrx_word' id='word_1_139' title='bbox 1320 1831 1475 1879; x_wconf 86' lang='lat' dir='ltr'><strong><em>etiam</em></strong></span> <span class='ocrx_word' id='word_1_140' title='bbox 1515 1831 1707 1880; x_wconf 88' lang='lat' dir='ltr'><strong><em>inserta</em></strong></span> <span class='ocrx_word' id='word_1_141' title='bbox 1744 1830 1954 1879; x_wconf 81' lang='lat' dir='ltr'><strong><em>venalia</em></strong></span> <span class='ocrx_word' id='word_1_142' title='bbox 1999 1837 2118 1880; x_wconf 89' lang='lat' dir='ltr'><strong><em>sunt</em></strong></span> <span class='ocrx_word' id='word_1_143' title='bbox 2127 1848 2145 1891; x_wconf 89' lang='lat'><em>;</em></span> <span class='ocrx_word' id='word_1_144' title='bbox 2196 1831 2248 1879; x_wconf 88' lang='lat' dir='ltr'><strong><em>in</em></strong></span> 
     </span>
     <span class='ocr_line' id='line_1_18' title="bbox 318 1919 2256 1982; baseline 0 -14"><span class='ocrx_word' id='word_1_145' title='bbox 318 1920 400 1969; x_wconf 83' lang='lat' dir='ltr'><strong><em>his</em></strong></span> <span class='ocrx_word' id='word_1_146' title='bbox 443 1937 520 1969; x_wconf 88' lang='lat' dir='ltr'><strong><em>me</em></strong></span> <span class='ocrx_word' id='word_1_147' title='bbox 557 1920 719 1969; x_wconf 88' lang='lat' dir='ltr'><strong><em>multa</em></strong></span> <span class='ocrx_word' id='word_1_148' title='bbox 762 1919 1058 1980; x_wconf 78' lang='lat' dir='ltr'><strong><em>sollicitant,</em></strong></span> <span class='ocrx_word' id='word_1_149' title='bbox 1098 1919 1280 1982; x_wconf 87' lang='lat' dir='ltr'><strong><em>aliqua</em></strong></span> <span class='ocrx_word' id='word_1_150' title='bbox 1318 1935 1407 1969; x_wconf 88' lang='lat' dir='ltr'><strong><em>nec</em></strong></span> <span class='ocrx_word' id='word_1_151' title='bbox 1443 1920 1649 1969; x_wconf 88' lang='lat' dir='ltr'><strong><em>minora</em></strong></span> <span class='ocrx_word' id='word_1_152' title='bbox 1686 1919 1967 1981; x_wconf 88' lang='lat' dir='ltr'><strong><em>deterrent;</em></strong></span> <span class='ocrx_word' id='word_1_153' title='bbox 2007 1920 2256 1969; x_wconf 87' lang='lat' dir='ltr'><strong><em>sollicitat</em></strong></span> 
     </span>
     <span class='ocr_line' id='line_1_19' title="bbox 311 2008 2257 2076; baseline 0 -18"><span class='ocrx_word' id='word_1_154' title='bbox 311 2012 541 2076; x_wconf 87' lang='lat' dir='ltr'><strong><em>primum</em></strong></span> <span class='ocrx_word' id='word_1_155' title='bbox 588 2011 704 2076; x_wconf 89' lang='lat' dir='ltr'><strong><em>ipsa</em></strong></span> <span class='ocrx_word' id='word_1_156' title='bbox 739 2009 1079 2076; x_wconf 81' lang='lat' dir='ltr'><strong><em>pulchritudo</em></strong></span> <span class='ocrx_word' id='word_1_157' title='bbox 1125 2009 1444 2074; x_wconf 64' lang='lat' dir='ltr'><strong><em>iungendi,</em></strong></span> <span class='ocrx_word' id='word_1_158' title='bbox 1484 2008 1618 2074; x_wconf 93' lang='lat' dir='ltr'><strong><em>quod</em></strong></span> <span class='ocrx_word' id='word_1_159' title='bbox 1663 2008 1893 2075; x_wconf 86' lang='lat' dir='ltr'><strong><em>quamvis</em></strong></span> <span class='ocrx_word' id='word_1_160' title='bbox 1937 2009 1991 2058; x_wconf 91' lang='lat' dir='ltr'><strong><em>in</em></strong></span> <span class='ocrx_word' id='word_1_161' title='bbox 2039 2008 2257 2075; x_wconf 88' lang='lat' dir='ltr'><strong><em>epistula</em></strong></span> 
     </span>
     <span class='ocr_line' id='line_1_20' title="bbox 316 2099 2257 2167; baseline 0.001 -18"><span class='ocrx_word' id='word_1_162' title='bbox 316 2101 473 2150; x_wconf 91' lang='lat' dir='ltr'><strong><em>multo</em></strong></span> <span class='ocrx_word' id='word_1_163' title='bbox 511 2100 676 2167; x_wconf 88' lang='lat' dir='ltr'><strong><em>aptius</em></strong></span> <span class='ocrx_word' id='word_1_164' title='bbox 714 2100 908 2149; x_wconf 81' lang='lat' dir='ltr'><strong><em>dicitur.</em></strong></span> <span class='ocrx_word' id='word_1_165' title='bbox 975 2107 1026 2149; x_wconf 91' lang='lat' dir='ltr'><strong><em>et</em></strong></span> <span class='ocrx_word' id='word_1_166' title='bbox 1070 2099 1175 2149; x_wconf 80' lang='lat' dir='ltr'><strong><em>Cic.</em></strong></span> <span class='ocrx_word' id='word_1_167' title='bbox 1221 2100 1325 2149; x_wconf 86' lang='lat' dir='ltr'><strong><em>Att.</em></strong></span> <span class='ocrx_word' id='word_1_168' title='bbox 1372 2100 1472 2149; x_wconf 87' lang='lat' dir='ltr'><strong><em>VII</em></strong></span> <span class='ocrx_word' id='word_1_169' title='bbox 1517 2103 1545 2148; x_wconf 82' lang='lat'>2</span> <span class='ocrx_word' id='word_1_170' title='bbox 1594 2102 1860 2167; x_wconf 85' lang='lat' dir='ltr'><strong><em>turpitudo</em></strong></span> <span class='ocrx_word' id='word_1_171' title='bbox 1906 2102 2257 2166; x_wconf 65' lang='lat' dir='ltr'><strong><em>coniungendi</em></strong></span> 
     </span>
     <span class='ocr_line' id='line_1_21' title="bbox 317 2191 2255 2261; baseline -0.001 -17"><span class='ocrx_word' id='word_1_172' title='bbox 317 2211 430 2244; x_wconf 86' lang='lat' dir='ltr'><strong><em>cum</em></strong></span> <span class='ocrx_word' id='word_1_173' title='bbox 468 2201 705 2261; x_wconf 77' lang='lat' dir='ltr'><strong><em>tyranno,</em></strong></span> <span class='ocrx_word' id='word_1_174' title='bbox 745 2200 797 2242; x_wconf 89' lang='lat' dir='ltr'><strong><em>et</em></strong></span> <span class='ocrx_word' id='word_1_175' title='bbox 832 2192 950 2242; x_wconf 89' lang='lat' dir='ltr'><strong><em>Tac.</em></strong></span> <span class='ocrx_word' id='word_1_176' title='bbox 998 2209 1111 2241; x_wconf 89' lang='lat' dir='ltr'><strong><em>ann.</em></strong></span> <span class='ocrx_word' id='word_1_177' title='bbox 1159 2191 1233 2242; x_wconf 92' lang='lat' dir='ltr'><strong><em>VI</em></strong></span> <span class='ocrx_word' id='word_1_178' title='bbox 1271 2194 1335 2241; x_wconf 82' lang='lat'><strong><em>26</em></strong></span> <span class='ocrx_word' id='word_1_179' title='bbox 1373 2193 1558 2243; x_wconf 78' lang='lat' dir='ltr'><strong><em>Nerva</em></strong></span> <span class='ocrx_word' id='word_1_180' title='bbox 1600 2194 1966 2243; x_wconf 84' lang='lat' dir='ltr'><strong><em>abstinentiam</em></strong></span> <span class='ocrx_word' id='word_1_181' title='bbox 2004 2194 2107 2243; x_wconf 87' lang='lat' dir='ltr'><strong><em>cibi</em></strong></span> <span class='ocrx_word' id='word_1_182' title='bbox 2143 2210 2255 2243; x_wconf 88' lang='lat' dir='ltr'><strong><em>con·</em></strong></span> 
     </span>
     <span class='ocr_line' id='line_1_22' title="bbox 317 2283 2253 2350; baseline -0.001 -15"><span class='ocrx_word' id='word_1_183' title='bbox 317 2287 507 2346; x_wconf 78' lang='lat' dir='ltr'><strong><em>iunoeit,</em></strong></span> <span class='ocrx_word' id='word_1_184' title='bbox 556 2302 683 2350; x_wconf 91' lang='lat' dir='ltr'><strong><em>quae</em></strong></span> <span class='ocrx_word' id='word_1_185' title='bbox 729 2283 941 2333; x_wconf 90' lang='lat' dir='ltr'><strong><em>contulit</em></strong></span> <span class='ocrx_word' id='word_1_186' title='bbox 985 2283 1343 2346; x_wconf 86' lang='lat' dir='ltr'><strong><em>Luterbacher,</em></strong></span> <span class='ocrx_word' id='word_1_187' title='bbox 1391 2283 1512 2348; x_wconf 89' lang='lat' dir='ltr'><strong><em>quid</em></strong></span> <span class='ocrx_word' id='word_1_188' title='bbox 1558 2283 1625 2333; x_wconf 90' lang='lat' dir='ltr'><strong><em>sit</em></strong></span> <span class='ocrx_word' id='word_1_189' title='bbox 1667 2283 1980 2349; x_wconf 90' lang='lat' dir='ltr'><strong><em>iungendum</em></strong></span> <span class='ocrx_word' id='word_1_190' title='bbox 2028 2292 2253 2350; x_wconf 77' lang='lat' dir='ltr'><strong><em>apparet,</em></strong></span> 
     </span>
     <span class='ocr_line' id='line_1_23' title="bbox 313 2374 2247 2442; baseline -0.001 -17"><span class='ocrx_word' id='word_1_191' title='bbox 313 2375 366 2424; x_wconf 93' lang='lat' dir='ltr'><strong><em>in</em></strong></span> <span class='ocrx_word' id='word_1_192' title='bbox 402 2376 535 2425; x_wconf 85' lang='lat' dir='ltr'><strong><em>Livii</em></strong></span> <span class='ocrx_word' id='word_1_193' title='bbox 570 2376 683 2425; x_wconf 90' lang='lat' dir='ltr'><strong><em>loco</em></strong></span> <span class='ocrx_word' id='word_1_194' title='bbox 720 2393 823 2425; x_wconf 92' lang='lat' dir='ltr'><strong><em>non</em></strong></span> <span class='ocrx_word' id='word_1_195' title='bbox 859 2382 1083 2442; x_wconf 88' lang='lat' dir='ltr'><strong><em>apparet.</em></strong></span> <span class='ocrx_word' id='word_1_196' title='bbox 1146 2382 1198 2424; x_wconf 89' lang='lat' dir='ltr'><strong><em>et</em></strong></span> <span class='ocrx_word' id='word_1_197' title='bbox 1234 2374 1319 2440; x_wconf 84' lang='lat' dir='ltr'><strong><em>qui</em></strong></span> <span class='ocrx_word' id='word_1_198' title='bbox 1354 2374 1593 2440; x_wconf 90' lang='lat' dir='ltr'><strong><em>regiones</em></strong></span> <span class='ocrx_word' id='word_1_199' title='bbox 1630 2374 1823 2424; x_wconf 87' lang='lat' dir='ltr'><strong><em>alienas</em></strong></span> <span class='ocrx_word' id='word_1_200' title='bbox 1862 2375 1967 2424; x_wconf 89' lang='lat' dir='ltr'><strong><em>suis</em></strong></span> <span class='ocrx_word' id='word_1_201' title='bbox 2005 2375 2247 2441; x_wconf 86' lang='lat' dir='ltr'><strong><em>adiungit,</em></strong></span> 
     </span>
     <span class='ocr_line' id='line_1_24' title="bbox 314 2464 2253 2532; baseline 0.001 -17"><span class='ocrx_word' id='word_1_202' title='bbox 314 2465 415 2515; x_wconf 85' lang='lat' dir='ltr'><strong><em>iam</em></strong></span> <span class='ocrx_word' id='word_1_203' title='bbox 455 2484 557 2515; x_wconf 91' lang='lat' dir='ltr'><strong><em>non</em></strong></span> <span class='ocrx_word' id='word_1_204' title='bbox 593 2466 865 2516; x_wconf 89' lang='lat' dir='ltr'><strong><em>trahitur</em></strong></span> <span class='ocrx_word' id='word_1_205' title='bbox 899 2466 964 2516; x_wconf 87' lang='lat' dir='ltr'><strong><em>ad</em></strong></span> <span class='ocrx_word' id='word_1_206' title='bbox 999 2465 1203 2529; x_wconf 89' lang='lat' dir='ltr'><strong><em>bellum,</em></strong></span> <span class='ocrx_word' id='word_1_207' title='bbox 1242 2464 1334 2515; x_wconf 87' lang='lat' dir='ltr'><strong><em>sed</em></strong></span> <span class='ocrx_word' id='word_1_208' title='bbox 1360 2465 1589 2515; x_wconf 89' lang='lat' dir='ltr'><strong><em>consulto</em></strong></span> <span class='ocrx_word' id='word_1_209' title='bbox 1614 2482 1723 2515; x_wconf 87' lang='lat' dir='ltr'><strong><em>rem</em></strong></span> <span class='ocrx_word' id='word_1_210' title='bbox 1747 2465 1869 2532; x_wconf 82' lang='lat' dir='ltr'><strong><em>agit,</em></strong></span> <span class='ocrx_word' id='word_1_211' title='bbox 1897 2473 2035 2516; x_wconf 88' lang='lat' dir='ltr'><strong><em>certa</em></strong></span> <span class='ocrx_word' id='word_1_212' title='bbox 2060 2466 2253 2516; x_wconf 89' lang='lat' dir='ltr'><strong><em>ratione</em></strong></span> 
     </span>
     <span class='ocr_line' id='line_1_25' title="bbox 314 2556 2253 2623; baseline 0.001 -17"><span class='ocrx_word' id='word_1_213' title='bbox 314 2558 575 2607; x_wconf 78' lang='lat' dir='ltr'><strong><em>adductus,</em></strong></span> <span class='ocrx_word' id='word_1_214' title='bbox 631 2558 755 2607; x_wconf 89' lang='lat' dir='ltr'><strong><em>nihil</em></strong></span> <span class='ocrx_word' id='word_1_215' title='bbox 782 2559 847 2608; x_wconf 90' lang='lat' dir='ltr'><strong><em>ad</em></strong></span> <span class='ocrx_word' id='word_1_216' title='bbox 871 2576 978 2608; x_wconf 91' lang='lat' dir='ltr'><strong><em>rem</em></strong></span> <span class='ocrx_word' id='word_1_217' title='bbox 1004 2565 1084 2607; x_wconf 87' lang='lat' dir='ltr'><strong><em>est</em></strong></span> <span class='ocrx_word' id='word_1_218' title='bbox 1108 2558 1455 2621; x_wconf 76' lang='lat' dir='ltr'><strong><em>vincendoque</em></strong></span> <span class='ocrx_word' id='word_1_219' title='bbox 1479 2556 1741 2621; x_wconf 84' lang='lat' dir='ltr'><strong><em>Gronovii‚</em></strong></span> <span class='ocrx_word' id='word_1_220' title='bbox 1769 2575 1799 2607; x_wconf 92' lang='lat' dir='ltr'><strong><em>a</em></strong></span> <span class='ocrx_word' id='word_1_221' title='bbox 1822 2557 2082 2623; x_wconf 86' lang='lat' dir='ltr'><strong><em>Madvigio</em></strong></span> <span class='ocrx_word' id='word_1_222' title='bbox 2119 2558 2253 2607; x_wconf 88' lang='lat' dir='ltr'><strong><em>haud</em></strong></span> 
     </span>
     <span class='ocr_line' id='line_1_26' title="bbox 312 2648 2252 2718; baseline -0.001 -18"><span class='ocrx_word' id='word_1_223' title='bbox 312 2649 663 2718; x_wconf 87' lang='lat' dir='ltr'><strong><em>improbatum.</em></strong></span> <span class='ocrx_word' id='word_1_224' title='bbox 740 2651 1020 2717; x_wconf 65' lang='lat' dir='ltr'><strong><em>iungenda,</em></strong></span> <span class='ocrx_word' id='word_1_225' title='bbox 1060 2649 1197 2717; x_wconf 90' lang='lat' dir='ltr'><strong><em>quod</em></strong></span> <span class='ocrx_word' id='word_1_226' title='bbox 1233 2656 1313 2699; x_wconf 87' lang='lat' dir='ltr'><strong><em>est</em></strong></span> <span class='ocrx_word' id='word_1_227' title='bbox 1347 2649 1401 2699; x_wconf 93' lang='lat' dir='ltr'><strong><em>in</em></strong></span> <span class='ocrx_word' id='word_1_228' title='bbox 1439 2648 1848 2716; x_wconf 83' lang='lat' dir='ltr'><strong><em>Cantabrigiensi</em></strong></span> <span class='ocrx_word' id='word_1_229' title='bbox 1883 2649 2028 2714; x_wconf 87' lang='lat' dir='ltr'><strong><em>libro,</em></strong></span> <span class='ocrx_word' id='word_1_230' title='bbox 2068 2667 2165 2717; x_wconf 87' lang='lat' dir='ltr'><strong><em>ego</em></strong></span> <span class='ocrx_word' id='word_1_231' title='bbox 2200 2650 2252 2699; x_wconf 94' lang='lat' dir='ltr'><strong><em>in</em></strong></span> 
     </span>
     <span class='ocr_line' id='line_1_27' title="bbox 250 2740 2250 2808; baseline 0 -17"><span class='ocrx_word' id='word_1_232' title='bbox 250 2742 253 2745; x_wconf 83' lang='grc'><strong>’</strong></span> <span class='ocrx_word' id='word_1_233' title='bbox 314 2742 589 2808; x_wconf 86' lang='lat' dir='ltr'><strong><em>archetypo</em></strong></span> <span class='ocrx_word' id='word_1_234' title='bbox 627 2758 729 2790; x_wconf 91' lang='lat' dir='ltr'><strong><em>non</em></strong></span> <span class='ocrx_word' id='word_1_235' title='bbox 758 2740 933 2790; x_wconf 87' lang='lat' dir='ltr'><strong><em>dubito</em></strong></span> <span class='ocrx_word' id='word_1_236' title='bbox 964 2741 1081 2806; x_wconf 91' lang='lat' dir='ltr'><strong><em>quin</em></strong></span> <span class='ocrx_word' id='word_1_237' title='bbox 1119 2741 1335 2807; x_wconf 90' lang='lat' dir='ltr'><strong><em>primum</em></strong></span> <span class='ocrx_word' id='word_1_238' title='bbox 1360 2740 1726 2807; x_wconf 85' lang='lat' dir='ltr'><strong><em>interpretandi</em></strong></span> <span class='ocrx_word' id='word_1_239' title='bbox 1751 2741 1916 2807; x_wconf 87' lang='lat' dir='ltr'><strong><em>gratia</em></strong></span> <span class='ocrx_word' id='word_1_240' title='bbox 1941 2742 2250 2808; x_wconf 88' lang='lat' dir='ltr'><strong><em>superscrip-</em></strong></span> 
     </span>
     <span class='ocr_line' id='line_1_28' title="bbox 312 2831 2251 2899; baseline 0 -17"><span class='ocrx_word' id='word_1_241' title='bbox 312 2840 419 2882; x_wconf 91' lang='lat' dir='ltr'><strong><em>tum</em></strong></span> <span class='ocrx_word' id='word_1_242' title='bbox 463 2832 530 2882; x_wconf 88' lang='lat' dir='ltr'><strong><em>sit</em></strong></span> <span class='ocrx_word' id='word_1_243' title='bbox 573 2831 743 2882; x_wconf 86' lang='lat' dir='ltr'><strong><em>verbis</em></strong></span> <span class='ocrx_word' id='word_1_244' title='bbox 788 2848 959 2882; x_wconf 89' lang='lat' dir='ltr'><strong><em>rerum</em></strong></span> <span class='ocrx_word' id='word_1_245' title='bbox 1002 2833 1148 2892; x_wconf 88' lang='lat' dir='ltr'><strong><em>serie,</em></strong></span> <span class='ocrx_word' id='word_1_246' title='bbox 1196 2831 1380 2881; x_wconf 88' lang='lat' dir='ltr'><strong><em>deinde</em></strong></span> <span class='ocrx_word' id='word_1_247' title='bbox 1421 2832 1475 2880; x_wconf 88' lang='lat' dir='ltr'><strong><em>in</em></strong></span> <span class='ocrx_word' id='word_1_248' title='bbox 1511 2831 1643 2881; x_wconf 89' lang='lat' dir='ltr'><strong><em>Livii</em></strong></span> <span class='ocrx_word' id='word_1_249' title='bbox 1688 2832 1847 2882; x_wconf 89' lang='lat' dir='ltr'><strong><em>verba</em></strong></span> <span class='ocrx_word' id='word_1_250' title='bbox 1888 2833 2251 2899; x_wconf 86' lang='lat' dir='ltr'><strong><em>transpositum</em></strong></span> 
     </span>
     <span class='ocr_line' id='line_1_29' title="bbox 313 2923 2248 2991; baseline 0 -17"><span class='ocrx_word' id='word_1_251' title='bbox 313 2923 588 2991; x_wconf 84' lang='lat' dir='ltr'><strong><em>irrepserit,</em></strong></span> <span class='ocrx_word' id='word_1_252' title='bbox 642 2931 747 2973; x_wconf 90' lang='lat' dir='ltr'><strong><em>tum</em></strong></span> <span class='ocrx_word' id='word_1_253' title='bbox 799 2923 853 2973; x_wconf 91' lang='lat' dir='ltr'><strong><em>in</em></strong></span> <span class='ocrx_word' id='word_1_254' title='bbox 908 2924 1263 2989; x_wconf 64' lang='lat' dir='ltr'><strong><em>iungendoque</em></strong></span> <span class='ocrx_word' id='word_1_255' title='bbox 1317 2930 1599 2973; x_wconf 81' lang='lat' dir='ltr'><strong><em>correctum</em></strong></span> <span class='ocrx_word' id='word_1_256' title='bbox 1664 2924 1747 2989; x_wconf 82' lang='lat' dir='ltr'><strong><em>sit,</em></strong></span> <span class='ocrx_word' id='word_1_257' title='bbox 1802 2925 1936 2975; x_wconf 91' lang='lat' dir='ltr'><strong><em>unde</em></strong></span> <span class='ocrx_word' id='word_1_258' title='bbox 1991 2933 2248 2991; x_wconf 87' lang='lat' dir='ltr'><strong><em>postremo</em></strong></span> 
     </span>
     <span class='ocr_line' id='line_1_30' title="bbox 316 3013 1773 3082; baseline -0.001 -17"><span class='ocrx_word' id='word_1_259' title='bbox 316 3017 686 3082; x_wconf 71' lang='lat' dir='ltr'><strong><em>iunyendisque</em></strong></span> <span class='ocrx_word' id='word_1_260' title='bbox 719 3014 772 3063; x_wconf 91' lang='lat' dir='ltr'><strong><em>in</em></strong></span> <span class='ocrx_word' id='word_1_261' title='bbox 809 3014 884 3063; x_wconf 66' lang='lat' dir='ltr'><strong><em>M*</em></strong></span> <span class='ocrx_word' id='word_1_262' title='bbox 923 3020 1001 3063; x_wconf 89' lang='lat' dir='ltr'><strong><em>est</em></strong></span> <span class='ocrx_word' id='word_1_263' title='bbox 1035 3013 1236 3062; x_wconf 86' lang='lat' dir='ltr'><strong><em>factum.</em></strong></span> <span class='ocrx_word' id='word_1_264' title='bbox 1292 3013 1364 3062; x_wconf 88' lang='lat' dir='ltr'><strong><em>ita</em></strong></span> <span class='ocrx_word' id='word_1_265' title='bbox 1400 3014 1445 3063; x_wconf 89' lang='lat' dir='ltr'><strong><em>si</em></strong></span> <span class='ocrx_word' id='word_1_266' title='bbox 1482 3015 1773 3081; x_wconf 86' lang='lat' dir='ltr'><strong><em>scripseris:</em></strong></span> 
     </span>
    </p>
   </div>
   <div class='ocr_carea' id='block_1_7' title="bbox 2573 3747 2744 3760">
    <p class='ocr_par' dir='ltr' id='par_1_9' title="bbox 2573 3747 2744 3760">
     <span class='ocr_line' id='line_1_31' title="bbox 2573 3747 2744 3760; textangle 90"><span class='ocrx_word' id='word_1_267' title='bbox 2573 3747 2744 3760; x_wconf 62' lang='lat' dir='ltr'><strong><em>l</em></strong></span> 
     </span>
    </p>
   </div>
  </div>
 </body>
</html>
