2744 3760
1253 114 1527 150 *10—

423 223 536 271 loco
573 221 811 271 indicium
850 222 997 272 deest
1033 223 1222 275 falsarii
1257 229 1556 294 grassantis,
1593 232 1878 283 Hannonis
1914 236 2196 298 suadentis,
2218 235 2352 302 quod

423 322 541 382 post
594 321 737 363 testes
791 313 1015 364 additum
1061 316 1125 365 ab
1183 319 1416 370 omnibus
1471 321 1842 390 deprehensum
1888 332 1939 374 et
1993 326 2236 377 reiectum
2274 334 2353 378 est

420 437 488 444 —
526 424 624 472 quo
663 406 868 474 quidam
904 407 1152 458 adductus
1190 410 1347 461 multo
1386 413 1538 464 etiam
1574 415 1717 482 plura
1753 416 1922 468 delere
1966 419 2137 469 voluit.
2213 421 2350 487 quod

418 499 471 546 in
527 499 708 551 eodem
763 500 944 567 capite,
1004 502 1122 564 10,o,
1179 501 1231 549 M
1269 502 1424 552 habet
1461 523 1577 567 „res
1615 525 1677 559 ex
1715 509 1919 560 foedere
1955 519 2251 579 repetuntur
2287 514 2352 563 de

420 609 475 642 re
512 596 839 660 repetuntur“
877 593 1044 660 potius
1083 610 1310 644 excuses.
1386 612 1479 645 nec
1521 600 1625 661 10,8
1660 604 1751 652 sed
1791 605 2027 666 Tarento,
2069 606 2125 656 id
2144 613 2214 656 est
2249 607 2349 656 Ita-

421 687 512 747 lia,
562 704 663 736 non
701 687 1115 738 abstinueramus
1153 705 1223 739 eoe
1242 688 1463 755 foedere
1499 688 1754 741 Kiehlium
1792 696 1935 760 sequi
1972 696 2150 761 audeo,
2191 700 2246 750 id
2281 708 2350 749 est

419 781 585 829 Italia
639 779 1006 840 excludentem,
1064 799 1213 845 quam
1269 782 1608 832 coniecturam
1663 802 1726 833 ex
1783 785 1987 836 Luchsii
2025 791 2348 842 adnotatione

421 871 593 919 critica
609 913 611 915 .
629 872 863 938 cognovi.

558 1079 747 1130 Contra
790 1082 893 1144 10,9
930 1082 1157 1132 vicerunt
1193 1098 1314 1148 erqo
1353 1082 1433 1132 dii
1469 1082 1819 1148 hominesque
1854 1085 1975 1152 quid
2011 1086 2107 1137 sibi
2134 1087 2348 1139 voluerit

419 1172 784 1223 Weissenborn
838 1174 994 1223 multa
1045 1173 1275 1236 molienS,
1330 1181 1386 1223 ut
1439 1191 1533 1240 que
1581 1182 1821 1240 servaret,
1859 1195 1961 1226 non
1997 1178 2162 1229 video.
2234 1199 2350 1231 nam

424 1265 543 1315 licet
596 1265 913 1315 sescentiens
951 1249 1321 1332 coniungantur
1375 1268 1432 1318 di
1485 1269 1812 1333 hominesque
1865 1276 1917 1319 et
1971 1271 2202 1321 homines
2248 1273 2347 1322 Ro-

416 1358 550 1407 mani
595 1358 838 1421 dicantur,
883 1358 979 1406 hoc
1023 1358 1136 1407 loco
1181 1377 1275 1408 nec
1316 1360 1546 1410 homines
1600 1361 1786 1411 vicisse
1841 1362 2134 1429 cuiusquam
2187 1363 2342 1413 inter-

417 1458 497 1500 est
549 1469 644 1500 nec
700 1450 784 1517 qui
831 1451 1062 1501 homines
1108 1451 1209 1500 sint
1244 1451 1567 1519 intellegitur.
1606 1453 1776 1520 itaque
1814 1455 2038 1522 Madvig,
2076 1455 2347 1520 Woelfflin,

417 1542 600 1604 Luchs,
640 1542 705 1590 H.
744 1542 793 1591 J.
833 1542 1060 1604 Mueller,
1119 1543 1322 1592 omnino
1365 1544 1787 1610 prudentissimus
1826 1546 2038 1613 quisque
2075 1548 2168 1596 hac
2204 1548 2257 1596 in
2292 1565 2347 1597 re

417 1635 678 1685 codicibus
714 1653 815 1686 non
853 1643 957 1685 tam
993 1636 1232 1702 religiose
1271 1636 1580 1703 obsequitur.

555 1843 711 1895 Paulo
765 1828 901 1912 posi:¹
941 1846 1068 1909 lO‚12
1123 1844 1341 1896 Luchsio
1385 1862 1487 1896 non
1534 1845 1873 1897 concesserim
1910 1846 2196 1898 addendum
2232 1866 2347 1899 esse

415 1939 660 2001 arbitror,
698 1939 939 1990 eoeistimo
976 1936 1060 1988 vel
1080 1936 1266 2000 simile;
1289 1937 1331 1988 si
1352 1937 1472 2005 quid
1501 1937 1792 1989 mutandum
1812 1946 1906 2005 est,
1926 1939 2095 2007 potius
2116 1940 2347 1992 omisso

417 2033 508 2081 ita
545 2030 733 2080 scribe:
774 2048 864 2082 nec
900 2032 1192 2081 dedendum
1228 2032 1394 2082 solum
1420 2032 1494 2082 ad
1509 2033 1784 2100 piaculum
1810 2035 1950 2101 rupti
1957 2034 2211 2102 foederiS,
2239 2035 2344 2097 sed,

413 2126 461 2174 si
480 2142 624 2174 nemo
645 2125 950 2191 deposceret,
968 2124 1318 2174 deuehendum
1341 2125 1393 2173 in
1416 2125 1625 2174 ultimas
1646 2126 1809 2174 maris
1829 2132 2183 2190 terrarumque
2203 2143 2342 2188 oras,

416 2218 767 2284 ableqandum
812 2235 885 2279 eo,
934 2217 1070 2267 unde
1106 2235 1196 2267 nec
1215 2217 1290 2267 ad
1309 2235 1402 2267 nos
1423 2235 1604 2268 nomen
1607 2218 1868 2286 famaque
1886 2220 1993 2269 eius
2013 2220 2250 2270 accidere
2270 2238 2346 2270 ne-

413 2325 508 2375 que
547 2311 633 2361 ille
668 2311 954 2361 sollicitare
989 2311 1189 2374 quietae
1225 2311 1450 2361 ciuitatis
1485 2316 1673 2361 statum
1700 2312 1926 2379 possit,
1965 2328 2071 2378 eqo
2110 2327 2350 2362 censeo:

414 2403 660 2469 legatos
714 2402 970 2469 eoetemplo
1025 2402 1253 2452 Romam
1292 2402 1562 2453 mittendos
1600 2409 1652 2452 et
1688 2420 1734 2468 q.
1776 2420 1815 2452 s.
1855 2403 2084 2470 deposcit
2119 2409 2176 2452 ut
2209 2409 2346 2452 recte

410 2495 463 2543 in
514 2494 865 2562 imperfectum
902 2502 1103 2561 tempus
1140 2493 1356 2560 migrare
1393 2494 1599 2543 iusserit
1636 2494 1820 2558 Luchs,
1849 2496 2019 2562 possit
2053 2502 2222 2543 tamen
2258 2513 2345 2544 ne—

412 2587 518 2638 scio
556 2605 619 2638 an
655 2586 842 2638 habeat
878 2604 976 2654 quo
1014 2584 1326 2637 defendatur.

550 2901 672 2952 XXI
708 2902 804 2964 ll,8.
885 2902 1086 2952 interim
1142 2901 1347 2952 animos
1401 2918 1577 2952 eorum
1615 2920 1750 2954 nunc
1807 2904 1891 2953 ira
1929 2904 1982 2951 in
2019 2904 2184 2953 hostes
2220 2902 2343 2968 [sti-

415 2998 757 3063 mulando]‚
798 3013 934 3046 nunc
969 3013 1057 3062 spe
1083 2996 1446 3062 praemiorum
1484 2995 1732 3044 accendit.
