2744 3760
1227 186 1525 219 —2—

405 292 738 353 librariorum;
780 310 873 342 nec
920 294 1073 344 multa
1112 304 1163 346 et
1201 298 1447 366 simplicia
1485 317 1599 350 esse
1638 299 1776 350 dixit.
1826 300 1921 350 hoc
1957 308 2013 351 ut
2050 301 2340 366 concedam,

402 383 523 432 illud
559 383 611 432 in
649 384 855 435 dubium
893 387 1175 437 vocandum
1204 390 1455 455 existimo,
1493 392 1545 441 in
1580 392 1703 441 XXI
1740 392 2037 459 praesertim
2073 393 2218 457 libro,
2255 393 2342 443 ubi

400 474 587 522 librarii
642 493 827 524 novam
882 478 1049 543 operis
1102 487 1298 544 partem
1350 481 1635 531 inchoantis
1690 484 1893 532 licentia
1939 483 2082 549 quasi
2127 483 2339 550 integris

397 564 588 614 viribus
614 583 707 615 usa
731 567 976 617 videatur.
1023 586 1121 634 qua
1146 588 1199 620 re
1227 588 1420 620 summo
1447 572 1519 621 illi
1544 574 1805 641 philologo
1834 574 2176 638 Gronowium,
2203 575 2338 641 quod

396 656 651 722 aliquanto
697 659 841 724 plura
885 660 936 709 in
985 660 1244 712 codicibus
1294 662 1518 713 Livianis
1574 669 1813 730 suspecta
1864 666 2064 729 habeat,
2109 665 2336 717 irridenti

394 765 496 795 non
534 748 806 798 adsentior.
849 759 899 800 et
937 751 998 800 de
1037 751 1115 815 iis,
1146 771 1272 818 quos
1310 753 1439 803 infra
1476 755 1746 805 emendare
1783 757 1836 805 in
1873 758 2039 807 animo
2078 765 2172 821 est,
2209 757 2335 807 locis

394 857 717 905 praemoneO,
746 842 788 890 si
827 843 948 909 quid
985 845 1225 894 audacter
1263 863 1326 895 ex
1364 847 1624 897 codicibus
1652 848 1930 898 exclusisse
1959 849 2186 915 videbor,
2215 867 2334 900 con-

332 989 348 995 *
392 932 575 980 firmari
620 934 959 983 coniecturam
998 943 1137 984 tanta
1174 937 1630 987 additamentorum
1667 939 1870 988 minime
1908 940 2173 989 dubiorum
2208 942 2333 990 mul-

390 1022 618 1088 titudine,
658 1033 896 1093 quantam
932 1026 984 1077 in
1020 1027 1148 1078 libro
1186 1028 1307 1078 XXI
1344 1045 1398 1080 re
1425 1046 1546 1080 vera
1581 1030 1751 1081 inesse
1790 1047 1853 1082 ex
1877 1032 1973 1082 hoc
2000 1048 2149 1099 quem
2174 1050 2331 1100 appo-

387 1133 502 1164 nam
548 1125 825 1182 conspectu
872 1119 1050 1169 elucet.
1126 1120 1338 1186 singulis
1383 1121 1525 1184 locis,
1574 1140 1701 1187 quos
1748 1124 2070 1187 enumerabo,
2119 1125 2162 1174 si
2207 1125 2331 1174 nihil

386 1208 678 1257 adnotatum
716 1218 810 1273 est,
849 1211 981 1260 inter
1017 1230 1192 1261 omnes
1231 1221 1430 1262 constat
1466 1215 1677 1263 verbum
1714 1233 1743 1264 a
1779 1233 1859 1264 me
1897 1216 2120 1266 adlatum
2158 1217 2210 1266 in
2244 1235 2328 1267 co-

384 1299 580 1349 dicibus
618 1301 746 1351 falso
785 1303 1010 1353 additum
1049 1322 1179 1354 esse.

520 1484 626 1532 Liv.
665 1484 787 1532 XXI
826 1489 899 1548 2,ss
936 1489 1152 1551 quidam
1189 1506 1455 1553 perperam
1494 1489 1694 1538 additur
1731 1489 1811 1553 Οἱ,
1851 1494 1941 1556 qai
1981 1492 2052 1539 M¹
2084 1522 2152 1528 -—-
2185 1493 2321 1541 notis

377 1581 491 1620 utor
529 1575 749 1637 Luchsii,
798 1577 881 1641 qui
925 1585 980 1625 ut
1026 1580 1390 1640 recentissime,
1437 1581 1508 1628 ita
1553 1582 1742 1646 optime
1790 1583 1918 1630 hanc
1958 1583 2088 1631 Livii
2125 1591 2320 1649 partem

377 1663 536 1712 edidit
572 1682 661 1725 —3
702 1665 1045 1733 dittographia
1082 1676 1175 1717 est.

518 1758 615 1818 lO,1
695 1775 797 1805 non
835 1758 1027 1807 addunt
1066 1759 1201 1808 CM1.

518 1848 620 1910 lO,3
692 1849 978 1899 Hannonis
1014 1852 1294 1901 suadentis.

515 1941 618 2000 11‚2
693 1942 877 1989 iniuste
896 1942 1084 2007 facere
1121 1960 1184 1990 ex
1222 1943 1553 2007 sequentibus
1591 1945 1704 1993 add.
1747 1945 1826 1994 (3².

514 2033 616 2092 13,8
689 2034 838 2081 rebus
886 2041 1091 2081 auctore
1143 2034 1431 2084 Woelfflino
1482 2036 1632 2085 hodie
1681 2045 1818 2086 recte
1867 2047 2162 2104 expungunt
2208 2041 2313 2089 edi-

750 2130 903 2171 tores.

511 2215 613 2275 19,9
684 2214 971 2278 Saguntini
1007 2213 1197 2263 delevit
1235 2216 1539 2282 Madvigius,
1579 2226 1857 2283 sequuntur
1894 2220 2064 2269 ceteri.

504 2306 606 2368 22,1
684 2306 831 2355 haud
868 2312 984 2354 ante
1023 2308 1193 2357 minas
1231 2325 1295 2356 ex
1332 2308 1769 2359 antecedentibus.

503 2399 610 2458 223
683 2416 810 2458 eum,
851 2417 979 2448 cum.

501 2490 607 2551 22,4
679 2490 754 2539 ad
790 2497 908 2554 post
945 2491 1088 2540 data.

500 2583 607 2645 22,5
681 2583 1000 2631 maritimam
1054 2599 1204 2632 oram
1260 2582 1430 2632 delere
1478 2583 1637 2632 voluit
1682 2583 1855 2648 Hertz,
1902 2584 2008 2647 alii;
2055 2603 2118 2635 ex
2165 2595 2306 2636 ante-

742 2656 1041 2722 cedentibus
1077 2673 1295 2738 irrepsit.

497 2765 604 2827 25‚5
680 2766 941 2815 incertam.

497 2858 622 2920 25,11
681 2858 732 2905 ίη
771 2856 1076 2922 (pacientia),
1118 2856 1157 2906 C
1198 2857 1304 2924 (M).

493 2948 619 2996 2511
673 2964 800 2997 cum.

491 2985 598 3101 26³6
671 3041 843 3088 amnis
881 3039 1017 3088 delet
1054 3039 1258 3088 Hearne
1297 3048 1348 3088 et
1383 3040 1482 3103 alii,
1519 3041 1706 3090 retinet
1746 3041 1930 3090 Luchs.
2232 3092 2240 3097 ,
2709 2930 2731 3480 ἱ

2706 3486 2727 3760 l
