2744 3760
452 194 510 243 In
562 194 662 243 fine
716 195 894 262 capitis
952 196 1036 262 qui
1090 201 1176 244 aut
1212 196 1398 262 fimum
1444 202 1528 244 aut
1564 196 1873 246 destinatum
1910 193 2235 254 sustulerunt,

312 301 402 334 eos
440 284 583 350 sequi
618 302 721 333 non
765 286 942 335 audeo.
981 292 1245 352 praeterea
1278 285 1349 334 ibi
1387 285 1726 335 coniecturam
1763 284 1990 334 Mauricii
2027 282 2237 350 Hauptii

312 385 597 445 contemptu
634 380 784 429 vitae
820 381 989 429 telum
1027 378 1227 427 silentio
1264 378 1537 444 praeterire
1573 396 1675 427 non
1701 377 1923 443 oportuit
1948 376 2233 427 Luchsium.

450 651 571 700 XXI
608 651 719 712 505.
797 651 844 700 ei
897 650 1079 700 fretum
1121 650 1328 701 intranti
1363 667 1455 699 rex
1491 651 1647 701 Hiero
1685 651 1901 700 classem
1939 657 2111 698 ornat
2123 667 2233 698 am-

313 759 426 809 que
464 742 664 793 obviam
701 742 856 792 duxit.

451 832 598 892 Quod
650 833 703 882 in
758 833 797 881 P
836 839 916 882 est
967 840 1321 896 ornatamque,
1367 831 1413 882 ei
1450 832 1672 883 adiciunt
1707 832 1933 899 plerique
1974 840 2236 883 armatam

311 924 393 972 vel
428 924 563 972 aliud
600 924 777 972 simile.
814 924 984 988 itaque
1022 923 1173 972 etiam
1209 924 1492 988 nuperrime
1529 924 1581 973 in
1616 923 1837 973 Archivo
1864 922 2235 972 Woelffliniano

313 1013 431 1073 (VII
468 1030 583 1080 pag.
625 1014 743 1080 302)
801 1016 1102 1064 instructam
1155 1022 1514 1079 armatamque
1567 1013 1961 1075 commendatur,
2002 1012 2136 1078 quod
2173 1030 2236 1061 ex

314 1103 419 1154 Liv.
457 1104 602 1153 XLII
639 1106 744 1167 453
784 1113 920 1155 certa
957 1105 1171 1172 quadam
1217 1105 1409 1155 ratione
1448 1105 1706 1156 efficiatur.
1747 1112 1799 1154 at
1834 1105 1930 1154 hoc
1967 1104 2087 1153 XXI
2123 1104 2235 1152 libri

310 1195 423 1245 loco
460 1204 703 1247 ornatam
740 1203 856 1246 ante
894 1197 1061 1246 omnia
1097 1196 1195 1246 dici
1233 1197 1453 1262 oportuit
1490 1197 1720 1258 classem,
1759 1197 1811 1245 in
1850 1213 1947 1262 qua
1985 1195 2233 1245 salutandi

312 1294 363 1335 et
394 1287 681 1357 gratulandi
718 1305 870 1336 causa
905 1305 995 1336 rex
1031 1287 1314 1351 veheretur,
1335 1294 1574 1337 armatam
1595 1297 1646 1337 et
1664 1288 1960 1337 instructam
1981 1287 2138 1336 fuisse
2159 1286 2233 1335 ni-

312 1378 382 1426 hil
407 1378 586 1427 attinet
603 1396 821 1427 narrare.
846 1386 897 1427 et
933 1396 1046 1427 cum
1083 1378 1285 1443 saepius
1322 1378 1375 1427 in
1411 1379 1506 1427 hoc
1541 1378 1670 1428 libro
1691 1395 1785 1443 que
1803 1396 2070 1444 perperam
2091 1377 2232 1428 addi-

309 1476 416 1518 tum
451 1469 809 1534 reprehendas,
848 1469 1051 1518 dubium
1089 1487 1192 1518 non
1227 1468 1425 1518 videtur
1462 1469 1581 1535 quin
1617 1469 1690 1518 sic
1728 1469 1915 1535 optime
1953 1469 2222 1518 scribatur:

448 1575 547 1608 rea:
581 1560 748 1608 Hiero
787 1560 1002 1609 classem
1039 1566 1329 1609 ornatam
1364 1560 1569 1609 obviam
1605 1560 1774 1610 duoeit.

445 1831 567 1881 XXI
605 1831 744 1893 52‚10.
820 1848 1026 1898 sparsos
1081 1838 1132 1881 et
1184 1831 1565 1898 incompositos,
1604 1831 1667 1880 ad
1704 1832 1801 1880 hoc
1837 1831 2008 1898 gravis
2045 1831 2234 1897 praeda

307 1924 577 1991 plerosque
615 1941 728 1973 cum
762 1923 1022 1989 inopinato
1066 1923 1390 1988 invasissent,
1426 1924 1685 1989 ingentem
1720 1930 1964 1972 terrorem
2001 1923 2232 1972 caedem-

308 2033 406 2083 que
444 2033 502 2065 ac
538 2015 710 2082 fugam
745 2032 905 2081 usque
944 2015 1007 2064 ad
1044 2023 1209 2065 castra
1245 2016 1590 2082 stationesque
1627 2015 1846 2065 hostium
1885 2014 2077 2076 fecere;
2099 2015 2232 2064 unde

307 2106 626 2156 multitudine
665 2106 824 2156 effusa
858 2106 991 2171 pulsi
1026 2121 1196 2156 rursus
1234 2107 1460 2157 subsidio
1499 2124 1701 2156 suorum
1727 2107 1973 2173 proelium
1998 2107 2233 2156 restitue-

306 2216 360 2246 re
398 2199 661 2264 (Romani).
700 2198 838 2246 varia
873 2197 991 2246 inde
1028 2217 1199 2263 pugna
1235 2205 1607 2263 sequentesque
1643 2197 1672 2262 †
1710 2215 1922 2262 cumque
1967 2196 2032 2247 ad
2069 2204 2233 2247 extre-

306 2308 441 2337 mum
477 2296 782 2354 aequassent
819 2295 1073 2338 certamen
1110 2289 1267 2338 maior
1301 2296 1471 2338 tamen
1506 2290 1535 2354 †
1566 2289 1786 2338 hostium
1821 2289 2075 2339 Romanos
2101 2289 2233 2339 fama

307 2382 548 2430 victoriae
585 2381 692 2428 fuit.

445 2471 748 2538 Oorruptum
802 2472 970 2521 multis
1023 2472 1149 2522 locis
1204 2473 1472 2523 verborum
1526 2480 1815 2523 contextum
1859 2474 1930 2522 ita
1964 2474 2230 2523 restituere

306 2569 515 2612 conatus
553 2581 687 2613 sum:

443 2667 598 2715 varia
653 2667 772 2716 inde
815 2684 1017 2733 puyna,
1064 2676 1414 2732 sequentesque
1448 2686 1562 2718 cum
1597 2670 1802 2718 Poeni
1838 2670 1912 2719 ad
1946 2677 2230 2719 eaetremum

305 2766 606 2820 aequassent
642 2766 911 2819 certamen,
951 2760 1123 2808 maior·
1158 2767 1326 2809 tamen
1354 2768 1500 2825 post
1547 2760 1606 2809 in
1642 2761 1914 2810 Romanos
1934 2760 2096 2827 sama
2134 2761 2228 2810 vic-

305 2846 472 2898 toriae
508 2852 666 2898 vertit.
