2744 3760
1143 83 1413 115 —19—

460 207 538 254 Ita
556 205 662 253 fere
681 202 1009 252 restituuntur
1029 196 1156 247 Livii
1178 194 1334 244 verba
1353 211 1418 243 ex
1437 191 1680 256 Madvigii
1694 190 1959 252 sententia,
1976 207 2074 256 qua
2088 206 2242 237 mam-

319 299 499 366 plexus
554 302 634 345 est
685 293 869 356 Luchs,
924 290 1114 341 omisso
1159 293 1328 336 tamen
1363 291 1482 352 post
1518 302 1630 335 cum
1665 281 1962 349 pronomine
2000 299 2103 342 vos,
2144 297 2243 345 quo

320 388 467 438 facile
522 403 765 449 caremus,
820 384 863 433 si
919 380 1122 448 quidem
1179 377 1336 430 Poeni
1391 392 1590 442 quoque
1625 372 1961 440 pugnaturi
1998 378 2153 420 erant.
2192 370 2244 418 in

322 480 597 546 archetypo
648 477 1042 528 additamentum
1095 471 1253 522 fuisse
1307 477 1429 537 puto
1486 468 1593 518 eius
1630 465 1788 516 modi:
1830 465 1994 531 (quam
2030 481 2094 512 ne
2132 481 2244 512 cum

321 568 684 638 pugnaveritis,
737 565 915 633 Alpes)
959 581 1054 612 nec
1090 579 1325 628 umquam
1360 577 1454 609 vos
1492 558 1694 625 (vicisse
1732 555 2069 605 Hannibalem
2105 553 2245 603 vide-

323 661 503 727 antur),
539 659 672 708 unde
709 656 967 706 exstitisse
1003 654 1237 702 videntur
1273 668 1402 716 quae
1438 666 1571 697 nunc
1607 655 1724 697 sunt
1759 647 1812 694 in
1850 644 1970 693 CM:
2008 662 2103 693 nec
2138 661 2246 691 um-

324 769 473 819 quam
508 758 602 802 v'os
640 767 753 800 cum
787 746 1134 815 pugnaveritis
1171 744 1331 810 Alpes
1368 748 1420 791 et
1457 757 1504 806 q.
1543 757 1583 788 s.

465 1023 587 1072 XXI
623 1025 768 1085 4l,11.
840 1019 981 1068 licuit
1034 1017 1099 1067 ad
1152 1016 1368 1081 Erycem
1422 1012 1621 1061 clausos
1656 1010 1834 1059 ultimo
1873 1006 2122 1073 supplicio
2161 1005 2251 1054 hu-

329 1132 588 1166 manorum
624 1113 755 1162 fame
790 1110 1088 1160 interficere.

465 1207 567 1256 Aut
618 1206 990 1272 suppliciorum
1028 1199 1347 1250 scribendum
1385 1203 1470 1246 aut
1505 1198 1789 1255 humano,
1830 1192 1966 1258 quod
2000 1190 2250 1257 praetule-

330 1299 446 1359 rim;
501 1295 735 1347 traditam
770 1293 1040 1343 lectionem
1075 1308 1179 1340 non
1213 1287 1411 1338 idoneis
1449 1285 1693 1351 exemplis
1730 1282 1959 1333 defendit
1994 1280 2253 1330 Weissen-

330 1390 458 1440 born
513 1387 583 1436 IV
639 1389 711 1449 9,3
772 1386 955 1435 ultima
1005 1382 1335 1449 publicorum
1395 1379 1652 1428 malorum
1712 1382 1763 1424 et
1824 1390 2030 1440 prorsus
2091 1371 2253 1421 alieno

331 1478 527 1529 XXVII
564 1479 687 1541 44,8.

473 1751 595 1817 XXI
631 1748 747 1811 43‚9.
823 1754 1024 1814 tempus
1080 1751 1159 1795 est
1194 1743 1293 1793 iam
1339 1741 1578 1808 opulenta
1613 1755 1705 1788 vos
1743 1754 1802 1787 ac
1840 1736 1963 1785 ditia
2007 1733 2260 1801 stipendia

337 1844 548 1895 facere
603 1849 661 1892 et
715 1857 935 1907 magna
980 1853 1205 1905 operae
1241 1832 1441 1901 pretia
1476 1830 1670 1893 mereri,
1709 1835 1903 1880 tantum
1939 1825 2133 1876 itineris
2171 1840 2263 1891 per

338 1944 416 1986 tot
451 1942 649 1984 montes
685 1932 988 1997 fluminaque
1026 1937 1078 1979 et
1112 1935 1189 1977 tot
1225 1932 1441 1976 armatas
1476 1930 1658 1989 gentes
1697 1937 1948 1971 emensos.

481 2027 686 2094 Operae
738 2022 917 2071 mirum
972 2026 1210 2086 quantum
1262 2017 1470 2081 languet
1521 2013 1657 2062 nullo
1712 2010 1961 2060 adiectivo
2018 2014 2262 2057 ornatum.

342 2134 497 2185 quare
550 2123 627 2165 tot
680 2121 732 2164 et
774 2113 958 2162 talibus
1008 2108 1337 2160 consideratis
1375 2104 1730 2154 additamentis
1766 2101 2098 2161 librariorum,
2137 2113 2265 2162 quae

340 2209 394 2259 in
430 2208 526 2258 hoc
560 2205 690 2256 libro
725 2201 993 2253 manifesta
1029 2206 1161 2264 sunt,
1207 2215 1310 2247 non
1345 2195 1486 2264 potui
1523 2194 1642 2261 quin
1677 2206 2017 2260 proponerem
2052 2196 2108 2237 ut
2145 2187 2266 2235 scri-

342 2300 570 2349 beretur:

483 2396 675 2453 tempas
712 2391 782 2435 est
821 2384 926 2433 iam
963 2382 1207 2449 opulenta
1233 2396 1321 2429 uos
1348 2395 1412 2427 ac
1448 2377 1583 2427 ditia
1618 2373 1964 2440 stipendia,
2005 2385 2269 2435 maynae

345 2496 574 2549 operae
600 2478 792 2545 pretia,
832 2476 1028 2526 mereri.

485 2753 605 2802 XXI
650 2750 769 2812 44,6.
853 2746 1219 2798 circumscribit
1269 2742 1579 2807 includitque
1633 2756 1727 2787 nos
1764 2736 1993 2786 terminis
2030 2733 2273 2783 montium

347 2846 720 2910 fluminumque,
759 2858 885 2908 quos
921 2857 1025 2889 non
1061 2837 1381 2898 excedamus,
1418 2850 1583 2899 neque
1622 2848 1727 2894 eos,
1766 2847 1894 2895 quos
1933 2826 2122 2888 statuit,
2172 2832 2272 2873 ter-

348 2934 512 2984 minos
549 2934 802 2985 observat.
841 2948 930 2981 <me
966 2926 1226 2979 transieris
1264 2925 1525 2986 Hiberum,
1562 2938 1626 2970 ne
1666 2920 1786 2985 quid
1822 2919 1895 2967 rei
1932 2917 2023 2967 tibi
2061 2916 2126 2965 sit
2163 2931 2275 2964 cum
