2744 3760
1235 114 1545 160 '—18——

439 235 664 284 Mueller.
739 241 915 284 contra
954 251 1051 300 ego
1088 235 1185 286 hoc
1233 236 1347 287 loco
1394 245 1664 302 servatum,
1702 238 1820 304 quia
1855 239 2002 289 facile
2039 245 2211 307 potest
2244 236 2367 298 fieri,

435 325 604 374 malim
640 332 908 392 utrumque
945 326 1015 376 ita
1055 336 1359 378 correctum:
1403 332 1530 381 uda
1568 333 1769 382 lubrica
1803 332 1986 397 glacie.

570 598 692 647 XXI
731 597 844 660 375.
921 599 1253 665 quadriduum
1308 600 1441 650 circa
1495 619 1671 668 rupem
1727 609 2080 670 consumptum
2132 602 2369 654 iumentis

434 704 595 754 prope
632 688 765 739 fame
803 688 1108 755 absumptis;
1147 690 1284 741 nuda
1321 690 1455 741 enim
1490 690 1598 742 fere
1637 693 1897 743 cacumina
1933 698 2065 756 sunt,
2104 699 2156 742 et
2180 691 2370 758 siquid

432 785 512 826 est
565 778 735 843 pabuli
792 779 1010 828 obruunt
1063 780 1223 830 nives.
1280 781 1518 831 inferiora
1571 782 1730 832 valles
1785 783 2155 849 apricosque
2194 801 2368 848 quos-

434 868 566 916 dam
625 870 819 918 colles
873 871 1063 918 babent
1116 872 1417 937 rivosque
1471 892 1664 940 prope
1720 874 1872 923 silvas
1927 882 1979 923 et
2012 874 2113 922 iam
2148 874 2366 922 humano

434 958 569 1007 cultu
625 959 858 1026 digniora
892 960 1018 1009 loca.
1074 961 1144 1010 ibi
1180 961 1405 1012 iumenta
1440 963 1493 1012 in
1527 964 1768 1030 pabulum
1802 965 1959 1015 missa
1995 971 2047 1014 et
2082 963 2226 1030 quies
2263 963 2365 1012 fes-

430 1049 501 1098 sis
557 1050 845 1101 hominibus
900 1052 1031 1101 data.
1087 1052 1253 1103 triduo
1306 1054 1425 1103 inde
1481 1054 1546 1104 ad
1598 1055 1805 1122 planum
1841 1056 2144 1107 descensum
2179 1054 2278 1104 iam
2316 1061 2368 1104 et

427 1141 553 1192 locis
589 1143 903 1194 mollioribus
941 1151 992 1194 et
1027 1144 1310 1195 accolarum
1345 1145 1580 1211 ingeniis.

566 1233 972 1285 Weissenbornii
1025 1234 1161 1286 haud
1214 1236 1564 1303 improbabilis
1602 1245 1682 1288 est
1717 1238 2007 1288 coniectura
2043 1240 2362 1306 apricosque.

428 1341 491 1373 ex
530 1342 714 1391 cosque
756 1334 875 1376 nata
910 1328 1148 1377 videntur
1184 1345 1432 1393 quosqam
1469 1329 1529 1396 (C
1548 1331 1598 1397 ¹),
1638 1332 1892 1395 quosdam
1929 1331 2037 1397 (M),
2076 1329 2211 1396 quod
2247 1347 2364 1396 pro-

428 1434 615 1466 nomen
669 1418 750 1466 hic
806 1418 931 1467 nihil
984 1419 1104 1485 agit.
1164 1420 1314 1468 etiam
1370 1420 1516 1486 peius
1555 1421 1722 1470 estin
1760 1421 2091 1487 sequentibus
2130 1423 2366 1485 rivosque

423 1524 588 1575 prope
623 1510 800 1570 silvas,
840 1527 933 1558 nec
970 1510 1126 1559 multo
1164 1510 1343 1559 melius
1383 1510 1625 1576 Madvigii
1662 1514 1899 1576 rivosque
1934 1520 1978 1562 et
1994 1529 2163 1579 prope
2186 1514 2360 1563 siloas.

426 1599 662 1664 quoniam
701 1608 752 1649 et
788 1601 950 1650 «nuda
986 1602 1229 1651 montium
1267 1603 1551 1652 cacumina»
1589 1610 1641 1653 et
1660 1611 1808 1653 antea
1833 1604 2104 1654 «immanes
2130 1604 2363 1654 arbores»

427 1698 545 1739 sunt
603 1700 1008 1756 commemorata,
1063 1693 1163 1742 iam
1201 1693 1264 1742 de
1303 1693 1537 1760 perviis
1575 1694 1716 1743 silvis
1754 1695 1837 1760 agi
1873 1695 2088 1758 videtur,
2127 1695 2262 1760 quod
2298 1695 2362 1744 ad

425 1784 580 1832 colles
617 1782 746 1831 falso
783 1782 1012 1846 relatum,
1057 1783 1292 1847 PUIOS‚
1330 1785 1477 1834 facile
1515 1804 1607 1851 pro
1643 1786 1877 1836 RIUOS
1912 1786 2215 1848 habebatur3
2256 1789 2356 1850 61,1

424 1874 697 1922 «reditum»
736 1892 827 1940 pro
874 1875 1155 1941 «peditum»
1195 1876 1261 1923 P¹
1302 1877 1480 1938 habet;
1522 1879 1628 1941 61,4
1665 1879 1913 1945 raefectos
1948 1895 2040 1944 pro
2068 1879 2361 1945 praefectos

424 1981 488 2013 ex
527 1965 707 2014 eodem
745 1965 920 2015 codice
959 1966 1240 2017 adnotatur.
1282 1968 1354 2016 sic
1391 1967 1545 2033 igitur
1582 1968 1904 2017 scribendum
1941 1985 2150 2018 censeo:

568 2057 822 2124 inferiora
896 2059 1056 2108 valles
1118 2060 1499 2124 apricosque
1552 2060 1745 2110 colles
1799 2060 2032 2110 habent
2076 2061 2358 2126 peruias-

423 2163 533 2210 que
559 2164 764 2214 prope
798 2150 998 2198 siluas
1031 2156 1075 2198 et
1115 2150 1221 2198 iam
1258 2150 1486 2199 humano
1525 2151 1663 2200 cultu
1700 2150 1951 2215 diyniora
1988 2151 2117 2200 loca.

559 2420 681 2469 XXI
729 2421 844 2481 385.
928 2424 1154 2473 Taurini
1192 2424 1339 2473 inde
1378 2424 1526 2474 Galli
1552 2439 1828 2490 prooeuma
1863 2441 1988 2489 qens
2030 2431 2143 2474 erat
2177 2425 2230 2473 in
2254 2425 2356 2474 Ita-

423 2513 552 2562 liam
590 2514 831 2579 deyresso
870 2530 1022 2579 supra
1047 2510 1338 2562 dubitanter
1364 2513 1581 2575 conieci;
1633 2514 1884 2564 Taurinis
1910 2532 1972 2564 ne
1999 2515 2146 2565 Galli
2172 2513 2212 2564 C
2251 2515 2318 2564 M.

559 2778 682 2836 XXI
719 2785 862 2849 4θ,10.
941 2789 1192 2853 reliquias
1246 2795 1507 2839 eaetremas
1544 2788 1718 2851 hostis,
1768 2806 1870 2840 non
1914 2789 2106 2840 hostem
2132 2789 2352 2841 habetis.

420 2895 486 2927 ac
539 2880 673 2928 nihil
722 2881 891 2944 ma9is
946 2897 1137 2941 vereor,
1194 2896 1372 2944 quam
1411 2898 1493 2942 ne,
1534 2899 1663 2931 cum
1691 2882 2155 2948 puynaveritis‚
2192 2882 2356 2949 Alpes

422 2971 601 3019 uicisse
638 2971 997 3020 Hannibalem
1036 2973 1324 3022 videantur.
