2744 3760
1134 93 1408 127 *9-

317 223 481 281 dubiis
517 219 648 272 enim
682 218 735 269 in
769 216 921 268 rebus
957 213 1082 265 duas
1107 201 1479 273 nonnumquam
1507 202 1730 271 proferre
1759 199 2071 250 coniecturas
2098 213 2127 245 a
2153 211 2234 244 se-

316 317 449 370 veris
486 314 606 366 artis
643 312 843 365 criticae
879 303 1165 377 praeceptis
1203 300 1472 352 abhorrere
1507 314 1608 347 non
1644 292 1979 347 concesserim
2016 308 2104 340 —:

456 409 711 479 oppidani
747 406 821 457 ad
857 401 1035 453 omnia
1072 395 1263 448 tuenda
1299 400 1450 457 atque
1485 390 1721 441 obeunda
1757 386 2098 453 multzfariam
2136 383 2235 433 dis-

321 688 467 739 detur
500 690 631 746 sunt,
671 688 722 732 et
756 679 963 745 languet
995 675 1047 725 in
1083 670 1279 723 fervida
1315 666 1540 718 oratione
1577 664 1739 732 coepti
1774 660 1974 710 minime
2002 675 2237 708 necessa-

320 779 462 829 rium.
516 792 612 826 nec
663 780 832 823 tamen
884 783 1017 834 nego
1072 760 1324 813 difficilius
1377 759 1597 808 futurum
1632 754 1790 804 fuisse
1827 751 2042 801 librariis
2079 752 2240 816 coepti

324 888 471 937 quam
507 868 673 919 coacti
704 862 937 914 retinere.

529 1138 650 1191 XXI
689 1140 774 1203 8,9.
839 1136 1007 1203 itaque
1064 1151 1161 1201 quo
1207 1131 1368 1182 acrius
1408 1136 1458 1179 et
1495 1124 1757 1177 confertim
1794 1121 1955 1189 magis
1992 1119 2240 1186 utrimque

325 1235 633 1305 pugnabant,
678 1248 739 1282 eo
783 1230 952 1297 plures
996 1226 1386 1278 vulnerabantur
1420 1222 1556 1272 nullo
1592 1220 1724 1268 inter
1760 1234 1896 1266 arma
1933 1230 2241 1281 corporaque

326 1346 456 1379 vano
492 1323 825 1377 intercidente
861 1321 979 1372 telo,

466 1420 525 1468 In
579 1415 836 1467 codicibus
892 1414 1275 1483 oppugnabant,
1326 1409 1717 1478 pugnabantur,
1754 1404 2095 1472 puynabatur
2129 1405 2247 1448 nata

327 1512 560 1561 videntur
614 1509 723 1559 sola
776 1507 993 1557 addendi
1048 1506 1130 1554 vel
1166 1502 1390 1552 mutandi
1425 1499 1650 1559 licentia;
1688 1497 1740 1545 in
1778 1494 2106 1561 sequentibus
2143 1509 2246 1540 non

280 1670 283 1674 .
329 1602 503 1653 dubito
541 1619 605 1652 ex
641 1599 800 1650 Pollei
837 1597 1124 1649 coniectura
1150 1595 1317 1645 deleto
1339 1609 1431 1658 que
1457 1590 1676 1641 scribere
1706 1590 1835 1638 inter
1861 1594 1981 1637 arta
2006 1600 2243 1653 corpora.

470 1879 591 1928 XXI
626 1877 731 1942 10,2.
806 1878 1005 1927 Hanno
1053 1892 1184 1926 unus
1227 1873 1475 1923 adversus
1511 1875 1741 1919 senatum
1778 1883 1991 1917 causam
2012 1865 2248 1932 foederis

334 1992 522 2041 ma9no
576 1973 776 2023 silentio
822 1977 1040 2039 propter
1075 1967 1431 2019 auctoritatem
1467 1981 1615 2015 suam
1651 1961 1811 2027 [cum
1848 1960 2117 2010 adsensu
2155 1975 2248 2007 au-

294 2124 297 2130 ,
334 2066 671 2131 dientium]
726 2065 841 2129 eyit,
889 2079 988 2130 per
1024 2063 1145 2112 deos
1167 2059 1445 2127 foederum
1482 2057 1706 2106 arbitros
1743 2072 1807 2103 ac
1844 2055 1978 2103 testis
2021 2058 2250 2100 senatum

336 2158 604 2217 obtestans,
644 2173 705 2205 ne
739 2156 1039 2204 Romanum
1075 2168 1188 2201 cum
1224 2149 1515 2215 Saguntino
1552 2146 1857 2196 suscitarent
1894 2143 2090 2193 bellum.

471 2247 691 2297 Excluso
745 2245 1027 2306 manifesto,
1083 2242 1181 2292 nisi
1233 2258 1440 2308 prorsus
1494 2238 1653 2300 fallor⁷
1708 2236 2016 2302 glossemate
2089 2231 2252 2282 omnia

334 2344 471 2387 recte
510 2355 565 2387 se
602 2336 792 2387 habent
818 2338 848 2384 ¹.
921 2352 1038 2384 nam
1072 2339 1191 2400 post
1225 2332 1350 2381 haec
1386 2329 1543 2378 verba
1580 2345 1711 2378 unus
1749 2328 1997 2376 aduersus
2024 2331 2254 2373 senatum

335 2429 458 2478 nihil
512 2428 725 2479 efficitur
777 2426 929 2477 variis
967 2423 1251 2492 corrigendi
1289 2421 1574 2472 conatibus:
1616 2438 1719 2471 non
1757 2437 1869 2470 curn
1907 2418 2129 2468 adsensu
2167 2433 2253 2466 au-

338 2520 600 2581 dientium,
656 2520 791 2586 quod
839 2518 1115 2569 editoribus
1151 2515 1386 2584 probavit
1421 2511 1659 2563 Eichhoff
1688 2543 1756 2549 —
1794 2510 1970 2559 melius
2009 2516 2115 2557 erat
2153 2525 2257 2557 nec

305 2628 450 2661 ‘cum
504 2611 727 2661 adsensu
775 2613 1097 2663 audientium
1133 2639 1215 2674 ‹--,
1244 2625 1441 2677 parum
1478 2624 1591 2657 curn
1644 2604 1868 2654 adsensu
1922 2602 2255 2660 audientium,

339 2720 441 2753 non
478 2704 751 2753 adsensum
789 2703 963 2769 Lipsii,
1002 2704 1138 2769 quod
1174 2703 1259 2752 vix
1293 2701 1501 2751 latinum
1538 2705 1631 2761 est,
1669 2705 1722 2746 et
1759 2713 1884 2763 quae
1923 2695 2019 2744 alia
2055 2692 2256 2759 excogi-

336 2801 572 2843 taverunt
605 2793 830 2861 pluribus
868 2794 1037 2843 verbis
1075 2794 1226 2843 etiam
1262 2793 1426 2843 minus
1446 2791 1553 2840 veri
1574 2789 1769 2839 similia.
1841 2805 2005 2854 neque
2027 2787 2121 2835 hoc
2146 2786 2258 2851 ipso

476 2997 487 3018 ¹
513 2996 616 3033 Idem
640 2998 715 3034 iam
739 2998 847 3036 video
872 2998 988 3035 multo
1013 3001 1099 3034 ante
1125 2998 1287 3034 Grutero
1311 2998 1353 3033 in
1379 3000 1542 3032 mentem
1566 2995 1727 3032 venisse.
