2744 3760
1311 160 1584 195 —15—

484 269 585 319 mul
621 285 784 334 neque
821 268 1003 319 iisdem
1039 269 1199 321 alveis
1235 273 1414 340 fluens,
1451 292 1585 325 nova
1609 291 1810 342 semper
1832 274 1964 325 vada
1986 293 2248 344 novosque
2271 292 2403 343 gur-

480 361 643 428 gites
680 391 748 399 —
785 369 846 411 et
882 362 946 412 ob
985 362 1163 413 eadem
1198 365 1359 432 pediti
1397 362 1597 435 quoque
1632 368 1825 418 incerta
1859 367 1942 417 via
1978 376 2058 419 est
2092 400 2175 434 —,
2213 368 2278 420 ad
2307 368 2403 419 hoc

481 471 602 503 saxa
636 453 872 520 glareosa
907 455 1118 504 volvens
1155 456 1278 506 nihil
1316 458 1498 509 stabile
1534 478 1629 510 nec
1665 467 1825 510 tutum
1849 459 2155 526 ingredienti
2178 461 2402 528 praebet.

618 545 802 596 Verbis
841 548 971 597 Livii
1005 547 1232 615 plerique
1270 556 1391 616 post
1424 554 1654 617 yuryites
1690 553 1881 603 addunt
1913 555 2095 620 9i9nit‚
2121 554 2244 604 nihil
2267 553 2403 603 Wei-

480 638 817 688 senborniana
870 639 1024 689 editio
1080 641 1278 707 (octava
1310 642 1431 691 mihi
1467 642 1614 691 adest
1649 644 1766 693 anni
1807 646 1972 712 1888).
2045 645 2239 697 facilius
2274 646 2405 696 inter

477 733 730 797 yuryites
766 738 917 797 atque
955 740 1008 783 et
1042 734 1217 783 nescio
1254 752 1318 783 an
1337 735 1386 802 s
1388 742 1482 785 ert
1516 733 1835 784 intercidisse
1871 738 2148 802 putandum
2185 740 2264 789 sit.

614 1008 736 1058 XXI
773 1008 886 1070 33‚4.
960 1009 1060 1059 iam
1114 1011 1338 1060 montani
1392 1011 1540 1076 signo
1595 1011 1713 1062 dato
1770 1030 1833 1062 ex
1870 1011 2090 1062 castellis
2128 1011 2191 1062 ad
2228 1013 2402 1063 statio-

479 1120 595 1152 nem
652 1102 851 1152 solitam
907 1103 1292 1169 conveniebant,
1348 1123 1461 1154 cum
1514 1112 1724 1171 repente
1770 1104 2088 1172 conspiciunt
2123 1105 2248 1155 alios
2285 1123 2399 1155 arce

478 1202 724 1263 occupata
779 1214 870 1245 sua
924 1214 1076 1264 super
1130 1204 1279 1264 caput
1332 1197 1655 1261 imminentis,
1693 1197 1818 1245 alios
1855 1198 1938 1245 via
1973 1199 2186 1248 transire
2222 1200 2398 1248 hostis.

474 1295 685 1354 utraque
743 1288 890 1338 simul
946 1289 1145 1338 obiecta
1180 1306 1263 1339 res
1301 1290 1458 1339 oculis
1497 1290 1776 1357 animisque
1813 1290 2097 1339 immobiles
2135 1308 2404 1358 parumper

475 1397 564 1429 eos
620 1379 807 1429 defixit.
883 1379 1066 1430 deinde
1113 1388 1169 1430 ut
1210 1380 1599 1447 trepidationem
1634 1381 1687 1431 in
1723 1380 1970 1447 angustiis
2009 1398 2200 1448 suoque
2236 1381 2403 1448 ipsum

473 1473 686 1522 tumultu
739 1473 940 1523 misceri
986 1491 1169 1540 agmen
1205 1473 1395 1537 videre,
1435 1475 1579 1540 equis
1616 1474 1831 1524 maxime
1871 1473 2220 1536 consternatis,
2260 1473 2402 1540 quid-

474 1566 594 1634 quid
648 1567 956 1617 adiecissent
1008 1567 1107 1634 ipsi
1162 1567 1369 1617 terroris
1407 1567 1531 1616 satis
1569 1566 1633 1616 ad
1668 1566 1945 1634 perniciem
1981 1566 2089 1616 fore
2125 1566 2236 1631 rati,
2272 1584 2405 1634 per-

472 1659 677 1709 versis
714 1659 971 1726 rupibus
1007 1660 1146 1709 iuxta
1182 1659 1355 1708 invia
1392 1676 1457 1708 ac
1495 1659 1675 1708 devia
1710 1658 1907 1707 adsueti
1944 1658 2228 1708 decurrunt.
2300 1667 2407 1708 tum

472 1770 595 1801 vero
645 1752 792 1801 simul
830 1752 893 1801 ab
931 1752 1163 1802 hostibus
1201 1752 1347 1802 simul
1384 1751 1447 1801 ab
1483 1751 1746 1818 iniquitate
1782 1751 2004 1800 locorum
2043 1751 2202 1800 Poeni
2245 1769 2404 1818 oppu-

471 1844 770 1910 gnabantur.

613 1935 856 1985 Codicum
911 1935 1066 1985 verba
1121 1943 1354 2002 corrupta
1395 1936 1663 1987 restituere
1703 1936 1924 1987 omnium
1960 1935 2175 1987 fortasse
2214 1934 2401 2000 optime

473 2030 545 2077 sic
600 2030 758 2078 voluit
813 2030 1011 2096 Unger:
1060 2033 1301 2099 pervasis
1339 2033 1552 2098 rupibus
1591 2033 1744 2079 iuoeta
1783 2033 1835 2078 ίη
1873 2035 1986 2079 vias
2023 2048 2087 2078 ac
2123 2029 2276 2078 deuia
2312 2028 2402 2077 ad-

471 2124 601 2174 sueti
654 2123 946 2174 decurrunt.
1020 2122 1219 2189 plurimi
1264 2125 1483 2174 diuersis
1521 2125 1735 2190 rupibus
1772 2123 1942 2186 edunt,
1981 2122 2123 2171 obliti
2159 2121 2400 2170 barbaros

474 2213 621 2281 signo
660 2213 778 2265 dato
817 2232 880 2265 ex
917 2214 1139 2265 castellis
1177 2214 1241 2265 ad
1279 2214 1548 2265 stationem
1587 2214 1786 2265 solitam
1824 2213 2141 2277 convenisse,
2178 2228 2272 2263 nec
2299 2211 2400 2262 «di-

470 2305 633 2354 versis
687 2304 924 2372 rupibus»
979 2304 1137 2354 fuisse
1199 2304 1474 2371 dispersos.
1548 2303 1752 2354 brevius
1790 2304 1915 2354 haec
1951 2309 2121 2353 narrat
2157 2301 2400 2368 Polybius

469 2398 566 2464 (III
606 2400 688 2464 51)
745 2416 894 2463 quam
947 2405 1003 2446 ut
1056 2397 1164 2446 eius
1210 2415 1273 2446 ex
1308 2397 1480 2446 verbis
1519 2397 1623 2446 erui
1672 2415 1843 2446 verum
1881 2395 2060 2463 possit.
2133 2394 2233 2444 iam
2276 2410 2398 2442 vero

471 2507 585 2539 cum
638 2490 840 2540 turbato
889 2490 1108 2539 hostium
1146 2490 1346 2557 agmine
1386 2489 1494 2538 sine
1533 2489 1686 2538 dubio
1723 2486 2178 2556 praeoccupavisse
2228 2484 2400 2535 existi-

469 2582 639 2633 mandi
694 2583 796 2633 sint
842 2583 1064 2633 montani
1100 2583 1241 2633 locos
1280 2582 1582 2649 superiores,
1621 2581 1686 2631 ad
1723 2597 1849 2647 quos
1886 2578 2161 2647 procedere
2199 2585 2400 2645 oporte-

469 2682 548 2724 ret
584 2674 803 2740 Poenos,
840 2674 1062 2741 undique
1099 2682 1154 2724 ut
1189 2674 1283 2723 hos
1320 2673 1391 2723 illi
1427 2679 1685 2735 vexarent,
1706 2671 1778 2721 ita
1797 2668 2116 2721 scribendum
2137 2687 2252 2720 esse
2279 2686 2398 2719 con-

469 2768 592 2820 icio:

598 2862 938 2929 praeversi
990 2861 1062 2912 de
1099 2860 1313 2927 rupibus
1352 2860 1505 2910 iuaeta
1543 2860 1603 2909 in
1641 2860 1804 2909 viam
1849 2874 1914 2908 ae
1950 2857 2023 2907 de
2059 2856 2163 2904 via
2199 2852 2401 2903 adsueti

470 2956 763 3005 decurrunt.
