2744 3760
456 216 647 264 Rursus
701 231 801 262 non
857 213 1081 263 dubitavi
1134 211 1433 278 gerundium
1487 229 1549 262 ex
1585 211 1780 263 mediae
1818 213 1996 263 aetatis
2035 230 2093 263 ac
2131 211 2236 262 fere

320 308 562 361 hodierno
607 306 803 356 italicae
846 307 1048 373 linguae
1086 322 1224 365 more
1260 304 1479 372 positum
1517 304 1645 354 Livii
1683 322 1912 354 sermone
1951 305 2235 368 excludere,

209 461 215 468 ⁸
321 399 617 469 praesertim
654 418 751 467 quo
789 407 840 450 et
875 398 1068 449 numeri
1105 397 1345 448 orationis
1382 397 1642 448 turbentur
1679 404 1732 447 et
1768 399 2017 448 sententia
2052 399 2236 449 frustra

321 499 567 543 oneretur.
639 510 754 542 nam
792 491 927 559 quod
962 509 1053 558 pro
1090 491 1378 539 testimonio
1424 491 1644 540 adfertur
1679 494 1789 552 44‚4
1825 493 2056 541 accendit
2084 509 2233 558 prae-

321 594 458 637 terea
510 592 554 635 et
606 585 835 635 stimulat
870 585 1073 638 animos
1110 584 1262 633 dolor
1301 586 1498 633 iniuria
1537 586 1839 650 indiynita3‚
1878 583 1929 630 id
1964 584 2143 649 ipsum,
2181 593 2235 632 ut

321 683 413 740 est,
461 694 650 738 sanum,
695 674 824 725 male
877 674 1097 725 imitatus
1152 681 1231 725 est
1285 675 1368 741 qui
1414 675 1543 725 hunc
1581 692 1729 742 quem
1765 681 2034 725 tractamus
2071 675 2233 725 locum

318 761 661 836 interpolavim
682 786 846 834 neque
867 767 999 817 enim
1019 767 1281 834 quisquam
1307 767 1605 818 stimulando
1626 766 2233 833 accendit(„anstachelnd

321 863 659 930 entziindet“),
689 862 909 929 oportuit
945 862 1122 910 saltem
1161 880 1295 912 nanc
1334 864 1416 911 ira
1456 864 1508 911 in
1545 864 1709 912 hostes
1747 864 2031 912 stimulat
2065 862 2202 928 fingi.

457 1138 577 1187 XXI
620 1142 734 1202 12,4.
807 1141 940 1189 Alco
992 1141 1166 1189 insciis
1209 1141 1531 1206 Sayantinis,
1562 1140 1805 1206 precibus
1842 1140 2044 1202 aliquid
2082 1147 2236 1190 mota-

318 1248 431 1283 ram
469 1239 627 1293 rataS,
667 1249 779 1283 cam
816 1233 889 1282 ad
924 1233 1281 1282 Hannibalem
1318 1239 1468 1282 nocta
1505 1233 1785 1292 transisset,
1798 1239 2074 1298 postquam
2101 1233 2234 1281 nihil

317 1325 566 1374 lacrimae
619 1326 884 1374 movebant
937 1325 1359 1387 condicionesque
1413 1324 1576 1373 tristes
1614 1330 1667 1374 at
1702 1325 1768 1373 ab
1810 1325 1942 1373 irato
1982 1331 2237 1374 auctore

299 1416 622 1482 serebantur,
679 1414 953 1482 transfaya
1005 1432 1075 1465 eoe
1128 1422 1334 1465 oratore
1366 1414 1550 1482 factas
1604 1414 1749 1481 apud
1802 1415 1991 1464 hostem
2031 1416 2232 1476 mansit,

317 1507 620 1555 morituram
657 1506 963 1572 adfirmans,
1002 1507 1090 1569 qai
1124 1507 1214 1556 sab
1253 1506 1642 1556 condicionibus
1682 1507 1746 1555 iis
1783 1506 1846 1555 de
1873 1523 2009 1572 pace
2045 1514 2229 1572 ayeret.

454 1595 642 1645 Omnes
687 1604 896 1647 auctore
939 1596 1190 1657 damnant,
1239 1598 1427 1647 victore
1469 1596 1672 1647 malunt.
1745 1596 1866 1647 illud
1910 1604 2079 1647 tamen
2113 1597 2231 1646 reti-

313 1687 533 1737 nendum
589 1705 773 1737 censeo
829 1696 881 1737 et
934 1688 1131 1737 facilem
1176 1688 1561 1755 explicationem
1616 1688 1900 1738 admittere:
1959 1697 2065 1738 erat
2120 1690 2228 1738 sine

315 1781 466 1830 dubio
504 1780 758 1830 Hannibal
794 1788 1013 1830 auctor
1049 1780 1416 1845 condicionum,
1453 1780 1626 1831 insciis
1662 1780 1959 1847 praesertim
1997 1779 2230 1848 Sagunti-

313 1873 392 1921 nis
448 1890 560 1921 cum
614 1881 790 1940 ageret
843 1874 983 1922 Alco.
1059 1882 1233 1921 contra
1290 1876 1393 1936 13,5
1445 1881 1582 1922 recte
1627 1881 1947 1939 opponuntur
1985 1882 2037 1924 at
2074 1876 2233 1924 victor

298 1966 410 2034 sert
444 1967 737 2028 Hannibal,
776 1968 850 2017 sic
886 1984 974 2017 cos
1012 1974 1063 2017 at
1100 1968 1220 2017 victi
1256 1967 1491 2017 audietis.

451 2239 571 2289 XXI
607 2241 713 2302 las.
788 2242 879 2291 has
933 2242 1072 2308 pacis
1109 2243 1252 2308 leges
1290 2243 1541 2293 abnuente
1579 2243 1768 2293 Alcone
1807 2251 2101 2310 accepturos
2141 2243 2228 2293 Sa-

312 2332 567 2398 guntinos,
623 2333 852 2396 Alorcus,
908 2333 1041 2382 vinci
1096 2334 1288 2384 animos
1342 2333 1428 2384 ubi
1484 2334 1606 2384 alia
1650 2334 1913 2384 vincantur
1949 2335 2228 2397 adfirmans,

311 2440 366 2472 se
401 2426 542 2491 pacis
580 2426 688 2475 eius
724 2426 1051 2493 interpretem
1088 2427 1195 2476 fore
1231 2427 1509 2494 pollicetur.

449 2516 559 2567 Nec
614 2521 728 2570 alia
780 2519 962 2587 placet,
1017 2520 1179 2570 futtile
1235 2537 1356 2570 sane
1406 2520 1649 2570 hocloco
1686 2520 1910 2585 verbum,
1949 2538 2041 2570 nec
2079 2539 2231 2573 arma

312 2606 584 2672 Gronowii,
621 2611 807 2661 nedum
846 2615 961 2676 tela,
1004 2615 1114 2676 ilia,
1154 2613 1348 2664 similia.
1412 2613 1533 2663 mihi
1568 2613 1730 2680 magis
1769 2612 1954 2663 arridet

446 2704 583 2753 vinci
619 2705 822 2754 animos
861 2707 947 2755 abi
983 2709 1193 2758 omnia
1230 2707 1365 2774 (οἶδ)
1404 2710 1690 2758 vincantur.

447 2793 581 2844 aliud
627 2801 705 2844 est
754 2797 856 2859 13,5
893 2813 1006 2847 cam
1044 2800 1222 2849 omnia
1259 2801 1467 2850 victoris
1505 2802 1606 2849 sint
1617 2817 1635 2862 ;
1675 2800 1848 2850 confer
1883 2808 2067 2863 tamen,
2090 2802 2132 2850 si
2153 2819 2229 2850 ar-

306 2893 546 2948 gumenta
600 2885 875 2950 desideres,
937 2890 1039 2951 13,ss
1088 2891 1260 2940 arbem
1308 2890 1419 2955 fere
1462 2898 1619 2941 totam
1657 2892 1821 2954 habet,
1865 2896 1967 2959 13,8
2005 2896 2230 2946 omnium

299 2983 527 3044 potestas
564 2981 612 3028 ei
643 2980 801 3042 sacta.
