2744 3760
1133 62 1407 96 —17—

449 171 630 238 quibus
667 172 837 223 verbis
876 173 1099 241 egregie,
1136 173 1199 227 ni,
1224 173 1384 237 faHor,
1423 173 1764 240 depinguntur
1799 176 2024 224 montani
2064 175 2127 223 de
2154 193 2234 222 ru-

307 263 457 330 pibus
512 263 853 330 superioribus
906 265 1290 332 praeoccupatis
1343 265 1443 315 iam
1498 272 1613 315 ante
1669 264 2005 315 Romanorum
2050 283 2235 332 agmen

308 354 386 404 <tin
422 354 581 404 viam»
627 363 886 405 currentes
923 363 976 405 et
1011 354 1191 405 eodem
1226 362 1456 423 tempore
1492 373 1681 420 rursus,
1720 355 1811 404 «de
1848 356 1955 406 via»
1993 375 2105 406 cum
2145 357 2233 406 de-

308 446 552 511 siluerint,
609 464 673 496 ex
714 447 872 497 latere
908 447 1084 497 hostes
1122 455 1545 516 «oppugnantesm
1618 448 1706 499 cfr.
1747 450 1853 511 34‚o
1891 458 2233 500 occursantes

300 555 399 606 per
452 540 664 605 obliqua
719 541 953 589 montani
998 541 1158 590 ciam
1198 541 1441 591 insedere.
1479 540 1531 589 in
1567 540 1843 605 archetypo
1881 540 2056 589 horum
2094 541 2230 591 codi-

308 647 418 679 cum
457 630 602 679 facile
641 648 704 680 ex
732 634 992 697 perversis
1027 632 1134 681 fieri
1170 632 1335 697 potuit
1362 636 1635 699 praeversi
1671 634 1749 692 de,
1778 649 1840 680 ex
1870 634 1921 681 in
1948 635 2085 682 ciam
2111 633 2229 681 item

309 740 465 772 mma.

443 995 563 1046 XXI
603 998 746 1060 33,11.
820 996 1079 1047 castellum
1132 997 1265 1062 inde,
1306 997 1456 1064 ·quod
1512 1004 1661 1065 caput
1698 997 1806 1046 eius
1843 997 2067 1064 regionis
2106 1005 2228 1060 erat,

305 1087 599 1153 viculosque
657 1087 1003 1136 circumiectos
1050 1088 1186 1155 capit
1222 1095 1273 1137 et
1309 1087 1509 1154 captivo
1547 1088 1576 1153 †
1612 1106 1670 1138 ac
1708 1088 1979 1154 pecoribus
2015 1105 2107 1155 per
2143 1089 2229 1137 tri-

305 1180 457 1227 duum
495 1179 767 1228 exercitum
806 1178 941 1228 aluit.

442 1271 508 1320 Et
561 1272 789 1338 captivos
846 1271 1088 1337 Polybius
1143 1278 1195 1319 et
1239 1269 1540 1320 frumentum
1578 1278 1958 1333 commemorat3
1999 1273 2229 1339 captivos

302 1363 456 1429 igitur
509 1362 735 1413 scribunt
790 1363 1027 1427 editores,
1083 1363 1274 1412 addunt
1328 1365 1452 1413 cibo.
1528 1363 1709 1412 Melius
1766 1381 1887 1411 sane
1926 1381 2121 1412 summa
2156 1363 2229 1411 rei

301 1455 595 1521 exprimitur
649 1454 836 1504 omisso
873 1462 992 1521 post
1027 1457 1167 1522 capit
1203 1455 1417 1503 molesto
1453 1455 1538 1503 illo
1576 1463 1619 1505 et
1654 1458 1883 1522 captivos
1919 1473 2017 1504 nec
2055 1455 2226 1504 addito

301 1550 412 1597 cibo
422 1568 441 1609 ;
495 1548 592 1596 hoc
629 1555 797 1595 tamen
832 1545 1152 1595 intercidisse
1189 1564 1290 1595 non
1327 1563 1566 1611 pernego,
1606 1546 1840 1611 quoniam
1877 1564 1904 1597 c
1941 1553 1992 1595 et
2028 1548 2056 1596 b
2093 1545 2226 1594 litte-

302 1655 384 1687 ras
422 1637 636 1687 maxime
674 1637 878 1686 turbant
916 1635 955 1685 C
995 1643 1046 1685 et
1083 1636 1134 1685 M
1173 1635 1390 1685 codices.

441 1909 561 1960 XXI
599 1908 715 1971 34‚9.
792 1917 1116 1962 occursantes
1165 1925 1263 1977 per
1315 1912 1525 1976 obliqua
1562 1913 1796 1959 montani
1833 1919 2018 1976 rupto
2059 1911 2225 1958 medio

304 2003 511 2066 aymine
548 2002 686 2051 ciam
726 2001 967 2052 insedere.

441 2094 520 2140 Ex
574 2093 802 2141 codicum
855 2091 1156 2141 lectionibus
1211 2089 1451 2152 (montani
1506 2096 1698 2155 erupto,
1739 2089 2025 2139 montaniae
2063 2094 2226 2155 rapto)

303 2192 452 2252 rapto
491 2184 806 2247 eliciendum,
843 2201 944 2231 non
983 2186 1263 2248 interrupto
1300 2180 1608 2230 tentandum.

439 2457 560 2507 XXI
598 2457 710 2518 363.
786 2475 878 2524 per
930 2456 1113 2506 nudam
1168 2455 1296 2505 infra
1332 2454 1546 2521 glaciem
1583 2453 1922 2520 fluentemque
1959 2453 2129 2502 tabem
2167 2453 2225 2502 li-

302 2549 591 2614 quescentis
627 2549 759 2598 nivis
794 2547 1221 2615 ingrediebantur.
1259 2552 1421 2595 taetra
1455 2544 1525 2593 ibi
1561 2544 1768 2593 luctatio
1803 2552 1909 2593 erat
1949 2551 2006 2593 ut
2048 2562 2076 2594 a
2101 2546 2129 2609 †
2152 2545 2226 2594 lu—

304 2640 440 2690 brica
474 2640 636 2707 glacie
673 2658 775 2690 non
811 2640 1088 2706 recipiente
1126 2637 1412 2704 vestigium.

445 2734 510 2782 Ut
563 2751 598 2782 a
651 2731 736 2780 illa
772 2749 801 2780 a
836 2729 1142 2793 Woelfffino,
1182 2728 1418 2792 Luchsio,
1457 2728 1566 2777 aliis
1604 2726 1859 2789 delentur;
1900 2730 1987 2778 cia
2026 2730 2226 2778 lubrica

302 2825 520 2893 Sauppe,
581 2826 768 2874 reiecto
830 2826 1001 2889 ylacie
1064 2822 1168 2870 veri
1232 2820 1441 2869 simih‘us
1506 2822 1592 2869 cia
1639 2820 1841 2871 lubrica
1897 2840 1996 2870 non
2053 2821 2227 2871 scribit

2069 3003 2091 3036 3
