2744 3760
1256 161 1553 197 —8—

574 286 626 329 ut
662 295 766 328 non
794 280 986 346 petisse
1019 278 1359 344 Sayuntin08‚
1399 279 1490 329 sed
1516 294 1686 329 rerum
1720 279 1864 340 serie,
1889 279 2140 347 finitimis
2166 281 2375 331 domitis

430 372 737 436 9entibu8,
786 378 1030 421 tractus
1075 371 1150 419 ad
1199 371 1254 420 id
1297 371 1485 420 bellum
1523 372 1692 421 videri
1719 378 1908 437 posset,
1946 370 2070 420 nihil
2109 371 2372 437 quisquam

431 462 647 528 amplius
685 462 1012 512 desiderabit.

567 735 688 783 XXI
727 737 809 796 5,6.
866 754 986 785 vere
1030 736 1193 802 primo
1238 737 1291 785 in
1334 735 1596 786 Vaccaeos
1644 745 1927 803 promotum
1965 739 2167 788 bellum.
2243 738 2372 787 Her-

428 826 660 876 mandica
696 833 748 875 et
784 827 1049 889 Arbocala,
1098 844 1271 877 eorum
1315 828 1483 889 urbes,
1532 828 1581 876 vi
1625 835 1817 894 captae.
1892 829 2142 878 Arbocala
2187 836 2238 878 et
2273 830 2372 878 vir-

428 925 534 967 tute
591 926 643 967 et
694 917 1013 967 multitudine
1060 917 1428 984 oppidanorum
1473 918 1557 968 diu
1610 918 1835 969 defensa.
1909 919 1972 969 ab
2029 919 2373 969 Hermandica

429 1017 480 1059 et
516 1028 563 1075 q.
602 1027 642 1059 s.
2294 1078 2299 1085 .

567 1101 722 1151 Paulo
760 1110 876 1152 ante
915 1121 1026 1152 cum
1071 1101 1287 1165 Cartala,
1336 1104 1455 1152 urbs
1501 1104 1761 1169 opulenta,
1808 1112 1964 1170 caput
2008 1105 2173 1169 gentis
2221 1101 2371 1151 Olca-

427 1193 545 1241 dum
582 1200 974 1242 commemorata
1017 1193 1098 1256 sit,
1143 1193 1400 1258 legentem
1447 1193 1658 1242 offendit
1703 1196 1866 1255 urbes,
1916 1202 1967 1242 et
2003 1194 2053 1242 in
2093 1194 2370 1257 codicibus,

424 1284 476 1332 id
514 1284 650 1350 quod
686 1284 844 1333 multo
881 1285 1086 1351 gravius
1125 1292 1218 1346 est,
1259 1292 1628 1335 cartaeorum
1677 1292 1931 1352 repertum
1959 1293 2038 1334 est
2063 1285 2144 1333 vel
2171 1294 2371 1335 casta-

425 1392 601 1426 eorum
645 1375 727 1443 (C)
776 1384 828 1425 et
871 1384 1178 1438 carmelum,
1226 1385 1490 1427 cartorum
1536 1377 1644 1444 (M),
1696 1395 1824 1444 quae
1868 1378 2002 1427 unde
2052 1387 2161 1427 orta
2198 1384 2374 1426 essent

424 1484 573 1516 nemo
612 1467 898 1533 explicavit.
957 1485 1124 1517 nonne
1170 1467 1233 1516 de
1280 1469 1504 1518 castellis
1553 1468 1879 1534 cogitandum
1930 1470 2039 1518 est?
2084 1471 2245 1519 castri
2280 1486 2371 1517 no—

424 1557 572 1606 minis
612 1576 914 1623 quamquam
962 1576 1170 1624 prorsus
1216 1558 1289 1606 sic
1333 1558 1488 1623 positi
1526 1576 1629 1607 non
1676 1558 1801 1607 satis
1846 1558 2085 1608 idoneum
2136 1559 2254 1607 mihi
2294 1567 2373 1608 est

424 1649 799 1715 exemplum—
819 1649 1126 1699 conferenda
1162 1657 1333 1698 tamen
1372 1648 1648 1699 Callistrati
1685 1650 1837 1699 verba
1872 1649 2087 1716 (Digest.
2117 1653 2199 1713 27,
2233 1653 2276 1714 l,
2309 1654 2368 1699 17

423 1740 451 1808 ξ
491 1741 542 1807 7)
591 1743 835 1806 inquilini
872 1751 1163 1793 castrorum
1209 1749 1260 1791 et
1305 1743 1393 1806 qui
1432 1743 1484 1791 in
1522 1743 1698 1792 eodem
1736 1750 1907 1793 castro
1945 1750 2063 1793 sunt
2101 1759 2159 1791 ac
2196 1749 2370 1791 notum

422 1833 546 1883 illud
584 1832 807 1884 Cornelii
844 1834 1061 1901 Nepotis
1103 1837 1155 1885 in
1192 1836 1437 1902 Phrygia
1476 1843 1703 1887 castrum
1741 1866 1807 1873 —
1844 1854 1946 1885 non
1984 1835 2141 1902 pudet
2178 1835 2367 1886 referre

425 1942 552 1991 quae
592 1942 655 1974 ex
692 1924 953 1974 codicibus
991 1924 1225 1974 videntur
1261 1924 1368 1974 erui
1405 1942 1584 1991 posse:

563 2019 930 2067 Hermandica
968 2026 1012 2067 et
1048 2019 1337 2077 Arbocala,
1379 2026 1594 2066 castra
1631 2034 1857 2078 eorum,
1899 2020 1957 2067 ci
1991 2027 2192 2085 capta.

563 2126 691 2174 quae
730 2108 774 2156 si
810 2108 881 2156 ita
918 2108 1106 2174 scripta
1152 2107 1453 2170 exstiterint,
1501 2107 1612 2172 quis
1650 2125 1752 2156 non
1794 2108 1939 2173 peius
1978 2115 2212 2173 corrupta
2252 2123 2367 2157 esse

423 2200 660 2250 miretur?

561 2475 684 2524 XXI
723 2474 807 2536 8,4.
883 2475 1124 2542 oppidani
1169 2475 1232 2524 ad
1279 2475 1447 2525 omnia
1490 2475 1678 2525 tuenda
1723 2483 1874 2541 atque
1922 2475 2156 2525 obeunda
2201 2475 2366 2525 multi-

423 2567 599 2618 fariam
636 2567 868 2618 distineri
906 2567 1116 2635 coepti
1154 2576 1297 2618 sunt
1333 2586 1436 2617 non
1474 2567 1808 2617 sufficiebant.

564 2660 810 2710 Codicum
846 2660 970 2710 vitia
1005 2660 1089 2710 alii
1126 2661 1271 2710 aliter
1305 2667 1564 2727 reparant:
1606 2667 1722 2709 ante
1760 2662 1834 2711 ad
1869 2667 2065 2727 ponunt
2101 2661 2240 2725 quod
2285 2661 2367 2709 vel

425 2762 478 2804 ut
513 2754 595 2802 vel
641 2756 730 2817 qui
766 2784 832 2791 —
869 2753 966 2802 hoc
1014 2752 1218 2818 quidem
1264 2752 1394 2801 male
1432 2783 1515 2816 —,
1554 2759 1670 2801 ante
1720 2753 2067 2819 multifariam
2113 2751 2196 2799 alii
2243 2752 2366 2801 dum

424 2853 511 2895 aut
542 2852 818 2912 postquam
855 2845 1060 2895 addunt.
1118 2863 1215 2912 ego
1254 2852 1371 2894 ante
1411 2845 1790 2912 multifariam
1835 2843 2007 2910 potius
2044 2842 2365 2892 intercidisse

423 2937 659 2987 existimo
705 2953 840 3001 quon
856 2940 991 2999 iam,
1039 2938 1175 3004 quod
1220 2946 1272 2987 et
1316 2937 1594 2986 litterarum
1645 2935 1970 2985 similitudine
2019 2942 2070 2983 et
2115 2934 2367 2983 sententia

422 3028 573 3095 paulo
628 3027 808 3077 melius
866 3030 1257 3090 commendatur,
1315 3028 1415 3077 nisi
1469 3028 1599 3077 forte
1645 3027 1772 3075 haec
1818 3044 1939 3074 vera
1982 3034 2062 3075 est
2103 3026 2255 3074 lectio
2298 3055 2367 3062 -—
