2744 3760
1284 110 1558 147 —14—

456 212 628 261 Livius
682 219 734 259 et
777 214 885 275 23,2
903 219 1094 281 sauces
1132 231 1262 278 quae
1297 216 1595 283 Hispanias
1634 216 2106 285 Galliis·iun9unt;
2146 218 2232 267 cfr.
2272 220 2372 282 204

448 312 742 374 peragrata
778 305 1051 373 Hispania
1091 307 1143 355 in
1184 308 1420 358 Galliam
1459 316 1733 360 transeunt.

588 582 709 630 XXI
747 582 862 644 275„
942 585 1012 632 ibi
1065 585 1258 651 raptim
1313 601 1466 633 caesa
1521 589 1744 636 materia
1798 596 2029 653 ratesque
2056 590 2375 657 fabricatae,

453 676 506 724 in
563 677 744 740 quibus
798 678 914 740 equi
949 676 1251 743 [virique]
1289 684 1334 727 et
1369 678 1483 726 alia
1520 693 1682 727 onera
1719 681 2069 732 traicerentur.
2143 683 2378 750 Hispani

398 753 402 757 ¹
450 770 561 819 sine
616 769 726 819 ulia
759 770 913 824 ,mole
969 771 1019 818 in
1059 776 1195 819 utres
1233 770 1538 819 vestimentis
1575 771 1812 820 coniectis
1852 772 1953 837 ipsi
1988 775 2173 824 caetris
2209 791 2376 841 super-

442 862 630 927 positis
687 861 983 911 incubantes
1032 862 1227 927 flumen
1284 869 1572 922 tranavere‚
1628 868 1672 911 et
1709 862 1846 912 alius
1883 864 2139 913 eoeercitus
2177 867 2376 916 ratibus

454 953 636 1002 iunctis
674 954 916 1002 traiectus
954 959 1004 1000 et
1040 969 1086 1017 q.
1127 969 1166 999 s.
1808 943 1810 945 ¹

596 1056 823 1121 Virique,
880 1055 1016 1122 quod
1067 1054 1345 1106 tollendum
1398 1055 1632 1120 indicavi,
1688 1057 1769 1107 hic
1806 1075 1908 1108 non
1945 1058 2118 1109 dubito
2157 1058 2275 1126 quin
2313 1076 2377 1110 ex

448 1147 590 1198 initio
629 1147 809 1215 capitis
847 1149 1056 1215 (equites
1096 1149 1314 1216 virique)
1350 1148 1620 1215 repetitum
1658 1148 1736 1198 sit.
1776 1149 1909 1199 inter
1954 1168 2106 1215 equos
2150 1159 2201 1201 et
2237 1132 2377 1203 alia

448 1258 640 1291 onera
694 1241 851 1291 risum
887 1260 1050 1308 paene
1088 1249 1259 1291 movet
1297 1244 1425 1304 ciri,·
1466 1249 1517 1290 et
1553 1260 1670 1290 mox
1707 1243 1957 1310 Hispani,
1998 1261 2124 1309 quae
2162 1245 2378 1294 maxima

448 1340 555 1381 erat
607 1350 725 1401 pars
781 1333 1037 1401 copiarum
1093 1333 1375 1397 Hannonis,
1432 1340 1660 1381 tranasse
1715 1332 1901 1382 flumen
1956 1333 2200 1398 dicuntur,
2240 1336 2377 1385 alius

447 1428 704 1476 exercitus
758 1425 949 1474 ratibus
1003 1424 1258 1473 traiectus.
1333 1441 1541 1491 prorsus
1597 1432 1734 1474 recte
1790 1425 1900 1474 aliis
1962 1426 2087 1475 locis
2139 1426 2202 1475 de
2239 1429 2378 1491 equis

447 1520 683 1583 uirisque,
720 1517 773 1567 id
810 1524 889 1567 est
925 1518 1172 1582 equitibus
1199 1517 1558 1583 peditibusque
1592 1515 1812 1582 loquitur
1849 1517 2037 1582 Livius,
2075 1535 2170 1568 nec
2205 1518 2377 1585 inepte

446 1610 543 1662 alio
582 1627 736 1661 sensu
772 1609 942 1659 XXVI
980 1612 1053 1673 4,8
1090 1608 1153 1659 de
1190 1608 1366 1659 iaculis
1386 1608 1438 1658 in
1458 1624 1609 1673 equos
1645 1610 1880 1673 uirosque
1902 1609 2093 1676 passim
2119 1610 2375 1662 coniectis,

584 1889 705 1939 XXI
744 1888 857 1951 303.
935 1888 1080 1956 Alpis
1137 1888 1339 1954 quidem
1385 1887 1615 1951 habitari,
1656 1887 1767 1951 coli,
1805 1886 2018 1954 gignere
2056 1894 2206 1953 atque
2244 1887 2378 1939 alere

446 1983 749 2042 animantes3
789 1981 1038 2048 pervias
1076 1980 1273 2029 faucis
1312 1998 1455 2029 esse
1495 1979 1891 2029 exercitibus,
1941 1997 2030 2028 eos
2067 1979 2208 2045 ipsos
2248 1998 2376 2045 quos

446 2082 654 2126 cernant
687 2075 886 2142 legatos
931 2092 1033 2123 non
1068 2073 1237 2141 pinnis
1277 2073 1489 2124 sublime
1529 2072 1689 2121 elates
1727 2072 1871 2139 Alpis
1908 2079 2272 2139 transgressos.
2312 2090 2376 2122 ne

444 2169 660 2218 maiores
716 2167 919 2233 quidem
974 2184 1147 2215 eorum
1200 2166 1483 2231 indigenas,
1540 2165 1632 2214 sed
1686 2165 1908 2214 advenas
1946 2165 2120 2214 Italiae
2159 2165 2376 2214 cultores

443 2261 535 2310 has
591 2260 730 2327 ipsas
768 2259 912 2326 Alpis
950 2258 1241 2326 ingentibus
1289 2275 1442 2325 saepe
1481 2256 1765 2324 agminibus
1804 2274 1916 2307 cum
1951 2256 2124 2307 liberis
2162 2274 2220 2306 ac
2257 2274 2376 2307 con-

442 2354 645 2421 iugibus
683 2354 1005 2421 migrantium
1042 2352 1191 2402 modo
1230 2359 1337 2401 tuto
1380 2351 1738 2401 transmisisse.
1784 2350 1927 2399 militi
1954 2349 2157 2416 quidem
2185 2356 2374 2399 armato

444 2446 565 2512 quid
601 2445 793 2495 invium
831 2452 917 2494 aut
952 2442 1360 2509 inexsuperabile
1400 2460 1531 2492 esse.

581 2549 659 2599 Ex
697 2548 987 2599 coniectura
1023 2548 1361 2614 Heerwageni
1401 2547 1635 2614 speciosa
1653 2549 1839 2616 faucis
1876 2564 1967 2613 pro
1995 2549 2200 2615 paucis,
2240 2547 2374 2614 quod

443 2648 523 2691 est
558 2642 610 2691 in
649 2641 893 2705 Puteano⁷
933 2640 1136 2707 scripsit
1174 2639 1357 2702 Luchs;
1396 2639 1564 2689 malim
1602 2639 1781 2689 saltem
1794 2700 1798 2704 ι
1801 2640 1992 2708 fauces
2029 2657 2133 2690 esse
2158 2641 2374 2707 pervias

443 2737 767 2786 eoeercitibus.
823 2752 998 2784 verum
1054 2733 1207 2783 etiam
1262 2733 1335 2782 sic
1391 2732 1601 2782 offendit
1653 2732 1785 2783 inter
1820 2733 2023 2801 Alpium
2058 2732 2263 2782 nomina
2296 2738 2375 2780 ter

442 2828 610 2894 posita
662 2827 881 2876 faucium
919 2826 1107 2875 mentio
1145 2826 1421 2892 inopinata.
1497 2826 1555 2874 In
1591 2826 1958 2876 recentioribus
1994 2825 2137 2875 libris
2176 2842 2265 2875 nec
2303 2827 2372 2874 in-

444 2920 558 2969 cias
595 2936 701 2969 esse
737 2917 959 2978 additur3
998 2918 1105 2968 veri
1142 2917 1354 2967 similius
1394 2924 1473 2967 est
1510 2917 1747 2967 scribere:
