2744 3760
1290 121 1562 157 ,12-

596 233 716 280 ΧΧΙ
753 233 855 292 17,8.
935 242 986 281 et
1030 234 1158 283 duae
1204 254 1441 285 romanae
1478 237 1708 302 legiones
1746 254 1858 284 cum
1896 256 2005 286 suo
2041 238 2206 287 iusto
2243 236 2381 302 equi-

456 333 576 375 tatu.

593 429 795 479 Usener
834 432 964 481 iusto
1003 429 1160 479 deleri
1196 431 1357 492 iussit,
1398 439 1449 481 et
1484 439 1588 483 tam
1623 433 1676 483 in
1713 432 1926 500 simplici
1950 434 2234 485 narratione
2263 433 2383 500 quid

453 521 601 571 ambo
648 528 803 587 agant
838 540 930 573 suo
979 523 1109 572 iusto
1153 540 1328 589 parum
1362 522 1592 586 invenio3
1631 544 1723 577 suo
1760 533 1928 576 tamen
1963 525 2131 593 potius
2166 525 2380 576 librariis

454 613 629 662 deberi
665 621 811 679 puto;
853 613 939 662 cfr.
978 612 1023 661 X
1062 615 1193 677 25,ae
1231 633 1343 665 cum
1380 617 1612 666 exercitu
1652 619 1782 668 iusto
1817 619 2084 669 consulari
2089 638 2108 680 ,·
2135 617 2249 668 XLI
2275 620 2382 682 21‚4

454 723 568 755 cum
608 710 737 756 iusto
774 724 1000 757 numero.

589 981 711 1030 XXI
750 984 870 1046 20,ι.
947 985 1019 1033 ita
1066 985 1377 1051 nequiquam
1414 992 1710 1051 peragrata
1745 986 2017 1053 Hispania
2055 986 2107 1033 in
2146 985 2381 1035 Galliam

455 1082 732 1126 transeunt.
777 1077 837 1125 in
878 1077 960 1126 iis
999 1092 1135 1126 noca
1173 1076 1514 1140 terribilisque
1548 1078 1740 1143 species
1778 1079 1892 1127 cisa
1917 1085 2002 1139 est,
2023 1077 2161 1142 quod
2186 1078 2381 1128 armati

452 1199 519 1204 ——
541 1170 614 1218 ita
653 1186 762 1218 mos
798 1170 964 1235 gentis
999 1176 1193 1218 erat—
1218 1170 1271 1217 in
1307 1169 1583 1219 concilium
1604 1177 1857 1220 venerunt.
1900 1188 2013 1220 cum
2034 1172 2199 1221 verbis
2218 1171 2380 1221 eoetol-

453 1262 605 1310 lentes
640 1262 869 1326 qloriam
908 1262 1238 1324 virtutemque
1265 1262 1455 1327 populi
1490 1262 1724 1310 Romani
1759 1279 1823 1311 ac
1859 1262 2272 1327 maqnitudinem‘
2296 1264 2380 1311 im-

442 1354 585 1418 perii
631 1354 890 1418 petissent,
938 1370 999 1401 ne
1034 1354 1215 1401 Poeno
1255 1354 1440 1402 bellum
1476 1354 1668 1402 Italiae
1706 1354 1943 1420 inserenti
1969 1369 2069 1425 per
2104 1368 2264 1417 agros
2301 1368 2380 1402 ur-

449 1445 629 1508 besque
681 1461 805 1495 suas
860 1446 1134 1495 transitum
1172 1445 1373 1505 darent,
1413 1451 1585 1495 tantus
1623 1462 1736 1495 cum
1756 1445 1978 1513 fremitu
2017 1446 2152 1494 risus
2191 1444 2383 1494 dieitur

449 1542 605 1595 ortus,
655 1542 707 1585 ut
754 1536 849 1585 vioe
885 1552 920 1584 a
958 1536 1348 1600 magistratibus
1386 1536 1768 1599 maioribusque
1805 1542 1931 1585 natu
1971 1537 2200 1585 iuventus
2236 1535 2382 1585 seda-

448 1633 600 1676 retur.
659 1625 791 1676 adeo
847 1626 1043 1676 stolida
1082 1626 1447 1693 impudensque
1474 1626 1762 1693 postulatio
1801 1626 1916 1675 visa
1952 1632 2023 1676 est
2058 1624 2380 1692 [censere],

448 1736 509 1767 ne
565 1720 617 1766 in
671 1719 888 1767 Italiam
944 1719 1295 1767 transmittant
1351 1718 1499 1767 Galli
1535 1718 1721 1767 bellum
1733 1736 1751 1779 ‚·
1794 1719 1931 1784 ipsos
1971 1718 2026 1767 id
2062 1724 2290 1766 auertere
2328 1719 2381 1766 in

445 1827 499 1859 se
535 1825 790 1875 agrosque
825 1827 945 1859 suos
973 1825 1077 1876 pro
1116 1810 1303 1858 alienis
1330 1809 1671 1876 populandos
1709 1809 1919 1858 obicere.

585 1924 743 1974 Multa
780 1925 1042 1991 exscripsi,
1082 1925 1205 1973 nihil
1241 1932 1412 1973 tamen
1449 1924 1569 1972 novi
1605 1930 1661 1972 ut
1695 1922 1989 1990 proferrem.
2029 1921 2185 1971 verba
2224 1924 2277 1971 in
2318 1924 2381 1972 iis

444 2017 509 2066 ad
561 2024 762 2084 tempus
818 2017 1000 2081 refero,
1038 2025 1093 2065 ut
1132 2018 1266 2067 solet
1305 2019 1459 2079 inibi;
1500 2034 1652 2082 quare
1691 2015 1991 2082 quibusdam
2027 2015 2181 2064 multa
2219 2022 2270 2064 et
2303 2014 2379 2063 in-

446 2117 586 2160 certa
621 2109 944 2159 volventibus
971 2110 1175 2159 minime
1203 2109 1476 2159 adsentior.

586 2226 711 2275 Post
746 2226 845 2275 nisi
884 2227 1069 2289 deleto,
1109 2234 1164 2275 ut
1200 2226 1360 2275 voluit
1398 2225 1721 2289 Gronowius‚
1761 2242 1963 2276 censere
1997 2242 2100 2273 non
2137 2231 2239 2273 stat
2263 2242 2378 2273 sen-

445 2318 619 2367 tentia.
698 2321 836 2386 ipsos
894 2319 950 2368 id
1005 2326 1233 2368 avertere
1286 2325 1337 2367 et
1374 2336 1420 2384 q.
1462 2336 1501 2367 s.
1542 2317 1745 2383 obliqua
1782 2316 1941 2366 oratio
1980 2323 2060 2366 est
2095 2315 2379 2365 mirantium

445 2418 496 2459 et
532 2396 949 2475 interrogantium
976 2413 1015 2469 ¹3
1056 2409 1136 2458 cui
1173 2427 1284 2458 cum
1322 2427 1352 2459 a
1388 2409 1604 2459 librariis
1641 2409 1770 2458 male
1807 2408 2099 2474 impositum
2137 2413 2277 2456 esset
2299 2423 2377 2455 re-

442 2519 572 2570 gens
610 2501 820 2551 verbum
858 2501 1116 2565 censendi,
1164 2501 1347 2551 deinde
1384 2509 1503 2569 post
1540 2504 1654 2551 visa
1690 2509 1762 2551 est
1797 2517 2006 2567 prorsus
2043 2499 2268 2566 ineptum
2303 2498 2376 2547 lo-

442 2615 554 2647 cum
592 2594 823 2646 obtinuit.

580 2943 591 2965 ¹
620 2942 675 2977 De
714 2941 820 2976 Livio
857 2941 1175 2986 interrogationes
1216 2942 1473 2978 coniunctivae
1508 2942 1649 2978 vitante
1682 2940 1748 2976 cfr.
1774 2939 1909 2976 librum
1937 2939 1996 2975 Fr.
2022 2938 2222 2984 Fuegneri‚
2248 2937 2377 2974 multis

444 3010 557 3046 rebus
582 3010 827 3055 praeclarum,
854 3010 917 3054 qui
943 3010 1165 3046 inscribitur
1191 3010 1338 3053 „Livius
1365 3009 1450 3046 XXI
1476 3031 1518 3036 -
1544 3009 1689 3045 XXIII“
1717 3007 1904 3053 (Berolini
1930 3006 2048 3052 1888).
