<?xml version="1.0" encoding="UTF-8"?>
<!DOCTYPE html PUBLIC "-//W3C//DTD XHTML 1.0 Transitional//EN"
    "http://www.w3.org/TR/xhtml1/DTD/xhtml1-transitional.dtd">
<html xmlns="http://www.w3.org/1999/xhtml" xml:lang="en" lang="en">
 <head>
  <title>
</title>
<meta http-equiv="Content-Type" content="text/html;charset=utf-8" />
  <meta name='ocr-system' content='tesseract 3.04.00' />
  <meta name='ocr-capabilities' content='ocr_page ocr_carea ocr_par ocr_line ocrx_word'/>
</head>
<body>
  <div class='ocr_page' id='page_1' title='image "4777073_0037.png"; bbox 0 0 2744 3760; ppageno 0'>
   <div class='ocr_carea' id='block_1_1' title="bbox 1137 105 1413 138">
    <p class='ocr_par' dir='ltr' id='par_1_1' title="bbox 1137 105 1413 138">
     <span class='ocr_line' id='line_1_1' title="bbox 1137 105 1413 138; baseline -0.004 -15"><span class='ocrx_word' id='word_1_1' title='bbox 1137 105 1413 138; x_wconf 75' lang='lat'><strong>—23—</strong></span> 
     </span>
    </p>
   </div>
   <div class='ocr_carea' id='block_1_2' title="bbox 283 218 2234 1198">
    <p class='ocr_par' dir='ltr' id='par_1_2' title="bbox 283 218 2234 1198">
     <span class='ocr_line' id='line_1_2' title="bbox 443 218 2230 283; baseline -0.001 -16"><span class='ocrx_word' id='word_1_2' title='bbox 443 218 654 268; x_wconf 91' lang='lat' dir='ltr'>verbum</span> <span class='ocrx_word' id='word_1_3' title='bbox 689 237 791 268; x_wconf 91' lang='lat' dir='ltr'>non</span> <span class='ocrx_word' id='word_1_4' title='bbox 826 219 1066 269; x_wconf 88' lang='lat' dir='ltr'>usitatum</span> <span class='ocrx_word' id='word_1_5' title='bbox 1101 218 1152 267; x_wconf 89' lang='lat' dir='ltr'>in</span> <span class='ocrx_word' id='word_1_6' title='bbox 1190 218 1231 267; x_wconf 93' lang='lat' dir='ltr'>P</span> <span class='ocrx_word' id='word_1_7' title='bbox 1268 218 1471 267; x_wconf 89' lang='lat' dir='ltr'>difficile</span> <span class='ocrx_word' id='word_1_8' title='bbox 1507 218 1600 267; x_wconf 86' lang='lat' dir='ltr'>fuit</span> <span class='ocrx_word' id='word_1_9' title='bbox 1634 218 1885 283; x_wconf 84' lang='lat' dir='ltr'>integrum</span> <span class='ocrx_word' id='word_1_10' title='bbox 1912 235 2230 267; x_wconf 86' lang='lat' dir='ltr'>conservare.</span> 
     </span>
     <span class='ocr_line' id='line_1_3' title="bbox 296 301 2234 379; baseline -0.001 -18"><span class='ocrx_word' id='word_1_11' title='bbox 296 318 499 379; x_wconf 78' lang='lat' dir='ltr'>paratu</span> <span class='ocrx_word' id='word_1_12' title='bbox 555 301 774 363; x_wconf 76' lang='lat' dir='ltr'>militum</span> <span class='ocrx_word' id='word_1_13' title='bbox 828 320 873 364; x_wconf 81' lang='lat' dir='ltr'>et</span> <span class='ocrx_word' id='word_1_14' title='bbox 926 327 1194 364; x_wconf 77' lang='lat' dir='ltr'>armorum</span> <span class='ocrx_word' id='word_1_15' title='bbox 1247 328 1277 361; x_wconf 90' lang='lat' dir='ltr'>a</span> <span class='ocrx_word' id='word_1_16' title='bbox 1314 310 1550 362; x_wconf 81' lang='lat' dir='ltr'>Sallustio</span> <span class='ocrx_word' id='word_1_17' title='bbox 1587 310 1829 378; x_wconf 90' lang='lat' dir='ltr'>scriptum</span> <span class='ocrx_word' id='word_1_18' title='bbox 1866 328 1980 360; x_wconf 88' lang='lat' dir='ltr'>esse</span> <span class='ocrx_word' id='word_1_19' title='bbox 2017 317 2234 360; x_wconf 86' lang='lat' dir='ltr'>testatur</span> 
     </span>
     <span class='ocr_line' id='line_1_4' title="bbox 307 396 2231 468; baseline 0.001 -17"><span class='ocrx_word' id='word_1_20' title='bbox 307 396 502 451; x_wconf 84' lang='lat' dir='ltr'>Gellius</span> <span class='ocrx_word' id='word_1_21' title='bbox 540 401 591 451; x_wconf 94' lang='lat' dir='ltr'>II</span> <span class='ocrx_word' id='word_1_22' title='bbox 629 405 757 467; x_wconf 82' lang='lat'>27,2;</span> <span class='ocrx_word' id='word_1_23' title='bbox 797 403 970 453; x_wconf 91' lang='lat' dir='ltr'>Livius</span> <span class='ocrx_word' id='word_1_24' title='bbox 1007 402 1236 468; x_wconf 89' lang='lat' dir='ltr'>quamvis</span> <span class='ocrx_word' id='word_1_25' title='bbox 1273 420 1376 453; x_wconf 89' lang='lat' dir='ltr'>non</span> <span class='ocrx_word' id='word_1_26' title='bbox 1412 402 1591 452; x_wconf 90' lang='lat' dir='ltr'>eodem</span> <span class='ocrx_word' id='word_1_27' title='bbox 1629 401 1780 452; x_wconf 90' lang='lat' dir='ltr'>modo</span> <span class='ocrx_word' id='word_1_28' title='bbox 1818 401 1865 450; x_wconf 90' lang='lat' dir='ltr'><strong>X</strong></span> <span class='ocrx_word' id='word_1_29' title='bbox 1899 404 2007 466; x_wconf 86' lang='lat' dir='ltr'>4l,3</span> <span class='ocrx_word' id='word_1_30' title='bbox 2033 419 2231 453; x_wconf 84' lang='lat' dir='ltr'>omnem</span> 
     </span>
     <span class='ocr_line' id='line_1_5' title="bbox 306 493 2229 561; baseline 0 -18"><span class='ocrx_word' id='word_1_31' title='bbox 306 494 493 544; x_wconf 77' lang='lat' dir='ltr'>occulti</span> <span class='ocrx_word' id='word_1_32' title='bbox 526 496 669 544; x_wconf 80' lang='lat' dir='ltr'>sacri</span> <span class='ocrx_word' id='word_1_33' title='bbox 694 501 949 561; x_wconf 80' lang='lat' dir='ltr'>paratam</span> <span class='ocrx_word' id='word_1_34' title='bbox 985 493 1124 555; x_wconf 83' lang='lat' dir='ltr'>dixit,</span> <span class='ocrx_word' id='word_1_35' title='bbox 1164 501 1216 543; x_wconf 91' lang='lat' dir='ltr'>et</span> <span class='ocrx_word' id='word_1_36' title='bbox 1252 493 1414 557; x_wconf 88' lang='lat' dir='ltr'>amici,</span> <span class='ocrx_word' id='word_1_37' title='bbox 1453 493 1721 559; x_wconf 78' lang='lat' dir='ltr'>equitatus,</span> <span class='ocrx_word' id='word_1_38' title='bbox 1761 493 2010 542; x_wconf 85' lang='lat' dir='ltr'>exercitus</span> <span class='ocrx_word' id='word_1_39' title='bbox 2048 493 2110 543; x_wconf 92' lang='lat' dir='ltr'>ab</span> <span class='ocrx_word' id='word_1_40' title='bbox 2139 511 2229 559; x_wconf 93' lang='lat' dir='ltr'>op-</span> 
     </span>
     <span class='ocr_line' id='line_1_6' title="bbox 304 583 2230 652; baseline 0.001 -20"><span class='ocrx_word' id='word_1_41' title='bbox 304 583 427 633; x_wconf 85' lang='lat' dir='ltr'>timo</span> <span class='ocrx_word' id='word_1_42' title='bbox 483 602 682 651; x_wconf 89' lang='lat' dir='ltr'>quoque</span> <span class='ocrx_word' id='word_1_43' title='bbox 736 592 940 634; x_wconf 90' lang='lat' dir='ltr'>auctore</span> <span class='ocrx_word' id='word_1_44' title='bbox 975 588 1174 652; x_wconf 80' lang='lat' dir='ltr'>parari</span> <span class='ocrx_word' id='word_1_45' title='bbox 1226 585 1472 634; x_wconf 88' lang='lat' dir='ltr'>dicuntur.</span> <span class='ocrx_word' id='word_1_46' title='bbox 1520 593 1572 634; x_wconf 91' lang='lat' dir='ltr'>et</span> <span class='ocrx_word' id='word_1_47' title='bbox 1607 585 1671 634; x_wconf 89' lang='lat' dir='ltr'>ad</span> <span class='ocrx_word' id='word_1_48' title='bbox 1707 585 1833 633; x_wconf 90' lang='lat' dir='ltr'>haec</span> <span class='ocrx_word' id='word_1_49' title='bbox 1871 602 1997 649; x_wconf 87' lang='lat' dir='ltr'>quae</span> <span class='ocrx_word' id='word_1_50' title='bbox 2037 585 2230 633; x_wconf 91' lang='lat' dir='ltr'>conieci</span> 
     </span>
     <span class='ocr_line' id='line_1_7' title="bbox 304 674 2231 741; baseline 0.001 -18"><span class='ocrx_word' id='word_1_51' title='bbox 304 674 517 724; x_wconf 87' lang='lat' dir='ltr'>tendere</span> <span class='ocrx_word' id='word_1_52' title='bbox 567 675 803 724; x_wconf 90' lang='lat' dir='ltr'>videntur</span> <span class='ocrx_word' id='word_1_53' title='bbox 856 692 984 741; x_wconf 89' lang='lat' dir='ltr'>quae</span> <span class='ocrx_word' id='word_1_54' title='bbox 1040 675 1156 725; x_wconf 92' lang='lat' dir='ltr'>huic</span> <span class='ocrx_word' id='word_1_55' title='bbox 1209 676 1321 725; x_wconf 91' lang='lat' dir='ltr'>loco</span> <span class='ocrx_word' id='word_1_56' title='bbox 1377 675 1544 725; x_wconf 90' lang='lat' dir='ltr'>vicina</span> <span class='ocrx_word' id='word_1_57' title='bbox 1589 682 1720 737; x_wconf 86' lang='lat' dir='ltr'>sunt,</span> <span class='ocrx_word' id='word_1_58' title='bbox 1757 682 1813 723; x_wconf 94' lang='lat' dir='ltr'>ut</span> <span class='ocrx_word' id='word_1_59' title='bbox 1851 676 1949 738; x_wconf 82' lang='lat'>52,1</span> <span class='ocrx_word' id='word_1_60' title='bbox 1993 675 2231 741; x_wconf 89' lang='lat' dir='ltr'>quicquid</span> 
     </span>
     <span class='ocr_line' id='line_1_8' title="bbox 307 766 2230 833; baseline -0.001 -17"><span class='ocrx_word' id='word_1_61' title='bbox 307 766 641 816; x_wconf 88' lang='lat' dir='ltr'>Romanarum</span> <span class='ocrx_word' id='word_1_62' title='bbox 693 766 873 816; x_wconf 90' lang='lat' dir='ltr'>virium</span> <span class='ocrx_word' id='word_1_63' title='bbox 929 774 1058 828; x_wconf 89' lang='lat' dir='ltr'>erat;</span> <span class='ocrx_word' id='word_1_64' title='bbox 1112 766 1212 816; x_wconf 91' lang='lat' dir='ltr'>illis</span> <span class='ocrx_word' id='word_1_65' title='bbox 1266 767 1426 833; x_wconf 91' lang='lat' dir='ltr'>copiis</span> <span class='ocrx_word' id='word_1_66' title='bbox 1463 766 1665 817; x_wconf 90' lang='lat' dir='ltr'>defendi</span> <span class='ocrx_word' id='word_1_67' title='bbox 1700 783 1856 833; x_wconf 89' lang='lat' dir='ltr'>posse</span> <span class='ocrx_word' id='word_1_68' title='bbox 1895 766 2230 816; x_wconf 88' lang='lat' dir='ltr'>Romanorum</span> 
     </span>
     <span class='ocr_line' id='line_1_9' title="bbox 305 840 2231 924; baseline 0 -18"><span class='ocrx_word' id='word_1_69' title='bbox 305 857 598 923; x_wconf 84' lang='lat' dir='ltr'>imperium;</span> <span class='ocrx_word' id='word_1_70' title='bbox 653 859 758 921; x_wconf 86' lang='lat'>53,5</span> <span class='ocrx_word' id='word_1_71' title='bbox 820 858 1110 907; x_wconf 90' lang='lat' dir='ltr'>consulares</span> <span class='ocrx_word' id='word_1_72' title='bbox 1168 840 1444 919; x_wconf 82' lang='lat' dir='ltr'>exercitus3</span> <span class='ocrx_word' id='word_1_73' title='bbox 1502 860 1605 921; x_wconf 54' lang='lat'>533</span> <span class='ocrx_word' id='word_1_74' title='bbox 1660 857 1826 924; x_wconf 90' lang='lat' dir='ltr'>parari</span> <span class='ocrx_word' id='word_1_75' title='bbox 1875 857 1939 906; x_wconf 87' lang='lat' dir='ltr'>ad</span> <span class='ocrx_word' id='word_1_76' title='bbox 1976 864 2231 907; x_wconf 85' lang='lat' dir='ltr'>certamen</span> 
     </span>
     <span class='ocr_line' id='line_1_10' title="bbox 305 948 2230 1016; baseline -0.001 -18"><span class='ocrx_word' id='word_1_77' title='bbox 305 948 491 998; x_wconf 81' lang='lat' dir='ltr'>milites</span> <span class='ocrx_word' id='word_1_78' title='bbox 526 949 691 1010; x_wconf 90' lang='lat' dir='ltr'>iubet;</span> <span class='ocrx_word' id='word_1_79' title='bbox 749 951 856 1012; x_wconf 79' lang='lat' dir='ltr'>54,o</span> <span class='ocrx_word' id='word_1_80' title='bbox 893 949 1221 1016; x_wconf 85' lang='lat' dir='ltr'>Sempronius</span> <span class='ocrx_word' id='word_1_81' title='bbox 1259 968 1458 999; x_wconf 92' lang='lat' dir='ltr'>omnem</span> <span class='ocrx_word' id='word_1_82' title='bbox 1496 950 1787 1015; x_wconf 84' lang='lat' dir='ltr'>equitatum,</span> <span class='ocrx_word' id='word_1_83' title='bbox 1827 967 1919 998; x_wconf 86' lang='lat' dir='ltr'>sex</span> <span class='ocrx_word' id='word_1_84' title='bbox 1953 949 2089 997; x_wconf 87' lang='lat' dir='ltr'>milia</span> <span class='ocrx_word' id='word_1_85' title='bbox 2141 966 2230 1014; x_wconf 93' lang='lat' dir='ltr'>pe-</span> 
     </span>
     <span class='ocr_line' id='line_1_11' title="bbox 306 1040 2230 1108; baseline -0.001 -19"><span class='ocrx_word' id='word_1_86' title='bbox 306 1040 480 1105; x_wconf 90' lang='lat' dir='ltr'>ditum,</span> <span class='ocrx_word' id='word_1_87' title='bbox 535 1059 712 1091; x_wconf 87' lang='lat' dir='ltr'>omnes</span> <span class='ocrx_word' id='word_1_88' title='bbox 766 1042 938 1108; x_wconf 90' lang='lat' dir='ltr'>copias</span> <span class='ocrx_word' id='word_1_89' title='bbox 993 1042 1165 1091; x_wconf 81' lang='lat' dir='ltr'>eduxit</span> <span class='ocrx_word' id='word_1_90' title='bbox 1177 1060 1188 1104; x_wconf 94' lang='lat'>;</span> <span class='ocrx_word' id='word_1_91' title='bbox 1247 1044 1353 1103; x_wconf 85' lang='lat'>55,4</span> <span class='ocrx_word' id='word_1_92' title='bbox 1407 1041 1756 1107; x_wconf 85' lang='lat' dir='ltr'>duodeviginti</span> <span class='ocrx_word' id='word_1_93' title='bbox 1815 1040 1951 1089; x_wconf 84' lang='lat' dir='ltr'>milia</span> <span class='ocrx_word' id='word_1_94' title='bbox 2004 1041 2230 1088; x_wconf 87' lang='lat' dir='ltr'>Romana</span> 
     </span>
     <span class='ocr_line' id='line_1_12' title="bbox 283 1122 1853 1198; baseline 0 -18"><span class='ocrx_word' id='word_1_95' title='bbox 283 1122 449 1180; x_wconf 29' lang='lat' dir='ltr'>‘erant</span> <span class='ocrx_word' id='word_1_96' title='bbox 486 1138 538 1180; x_wconf 88' lang='lat' dir='ltr'>et</span> <span class='ocrx_word' id='word_1_97' title='bbox 574 1149 621 1198; x_wconf 87' lang='lat' dir='ltr'>q.</span> <span class='ocrx_word' id='word_1_98' title='bbox 661 1149 727 1193; x_wconf 89' lang='lat' dir='ltr'>s.;</span> <span class='ocrx_word' id='word_1_99' title='bbox 769 1135 829 1181; x_wconf 88' lang='lat'>57</span> <span class='ocrx_word' id='word_1_100' title='bbox 837 1145 874 1196; x_wconf 83' lang='lat'>,2</span> <span class='ocrx_word' id='word_1_101' title='bbox 911 1132 1108 1182; x_wconf 93' lang='lat' dir='ltr'>duobus</span> <span class='ocrx_word' id='word_1_102' title='bbox 1147 1132 1494 1182; x_wconf 87' lang='lat' dir='ltr'>consularibus</span> <span class='ocrx_word' id='word_1_103' title='bbox 1533 1131 1853 1181; x_wconf 85' lang='lat' dir='ltr'>exercitibus.</span> 
     </span>
    </p>
   </div>
   <div class='ocr_carea' id='block_1_3' title="bbox 288 1403 2235 3021">
    <p class='ocr_par' dir='ltr' id='par_1_3' title="bbox 303 1403 2227 1635">
     <span class='ocr_line' id='line_1_13' title="bbox 441 1403 2227 1471; baseline -0.001 -19"><span class='ocrx_word' id='word_1_104' title='bbox 441 1404 563 1452; x_wconf 89' lang='lat' dir='ltr'>XXI</span> <span class='ocrx_word' id='word_1_105' title='bbox 600 1403 710 1466; x_wconf 53' lang='lat'>595.</span> <span class='ocrx_word' id='word_1_106' title='bbox 786 1422 958 1471; x_wconf 85' lang='lat' dir='ltr'>pugna</span> <span class='ocrx_word' id='word_1_107' title='bbox 1009 1422 1121 1454; x_wconf 91' lang='lat' dir='ltr'>raro</span> <span class='ocrx_word' id='word_1_108' title='bbox 1174 1404 1337 1470; x_wconf 85' lang='lat' dir='ltr'>magis</span> <span class='ocrx_word' id='word_1_109' title='bbox 1391 1404 1492 1453; x_wconf 87' lang='lat' dir='ltr'>ulla</span> <span class='ocrx_word' id='word_1_110' title='bbox 1535 1404 1565 1470; x_wconf 84' lang='lat'><em>†</em></span> <span class='ocrx_word' id='word_1_111' title='bbox 1600 1420 1659 1452; x_wconf 90' lang='lat' dir='ltr'>ae</span> <span class='ocrx_word' id='word_1_112' title='bbox 1698 1410 1783 1452; x_wconf 89' lang='lat' dir='ltr'>aut</span> <span class='ocrx_word' id='word_1_113' title='bbox 1818 1403 2077 1468; x_wconf 84' lang='lat' dir='ltr'>utriusque</span> <span class='ocrx_word' id='word_1_114' title='bbox 2113 1420 2227 1469; x_wconf 90' lang='lat' dir='ltr'>par-</span> 
     </span>
     <span class='ocr_line' id='line_1_14' title="bbox 303 1493 2227 1560; baseline -0.001 -17"><span class='ocrx_word' id='word_1_115' title='bbox 303 1494 369 1543; x_wconf 90' lang='lat' dir='ltr'>tis</span> <span class='ocrx_word' id='word_1_116' title='bbox 422 1495 645 1560; x_wconf 85' lang='lat' dir='ltr'>pernicie</span> <span class='ocrx_word' id='word_1_117' title='bbox 700 1495 878 1544; x_wconf 91' lang='lat' dir='ltr'>clarior</span> <span class='ocrx_word' id='word_1_118' title='bbox 930 1494 1126 1558; x_wconf 88' lang='lat' dir='ltr'>fuisset,</span> <span class='ocrx_word' id='word_1_119' title='bbox 1165 1495 1208 1544; x_wconf 89' lang='lat' dir='ltr'>si</span> <span class='ocrx_word' id='word_1_120' title='bbox 1246 1494 1451 1544; x_wconf 83' lang='lat' dir='ltr'>extendi</span> <span class='ocrx_word' id='word_1_121' title='bbox 1488 1512 1598 1543; x_wconf 89' lang='lat' dir='ltr'>eam</span> <span class='ocrx_word' id='word_1_122' title='bbox 1635 1493 1745 1543; x_wconf 89' lang='lat' dir='ltr'>dies</span> <span class='ocrx_word' id='word_1_123' title='bbox 1781 1493 1833 1542; x_wconf 91' lang='lat' dir='ltr'>in</span> <span class='ocrx_word' id='word_1_124' title='bbox 1868 1494 2074 1559; x_wconf 84' lang='lat' dir='ltr'>longum</span> <span class='ocrx_word' id='word_1_125' title='bbox 2112 1511 2227 1559; x_wconf 89' lang='lat' dir='ltr'>spa-</span> 
     </span>
     <span class='ocr_line' id='line_1_15' title="bbox 303 1584 684 1635; baseline 0.005 -3"><span class='ocrx_word' id='word_1_126' title='bbox 303 1584 427 1633; x_wconf 92' lang='lat' dir='ltr'>tium</span> <span class='ocrx_word' id='word_1_127' title='bbox 465 1585 684 1635; x_wconf 88' lang='lat' dir='ltr'>sivisset.</span> 
     </span>
    </p>

    <p class='ocr_par' dir='ltr' id='par_1_4' title="bbox 302 1676 2232 2380">
     <span class='ocr_line' id='line_1_16' title="bbox 443 1676 2227 1741; baseline 0 -17"><span class='ocrx_word' id='word_1_128' title='bbox 443 1676 630 1725; x_wconf 86' lang='lat' dir='ltr'>Postea</span> <span class='ocrx_word' id='word_1_129' title='bbox 685 1694 797 1725; x_wconf 90' lang='lat' dir='ltr'>cum</span> <span class='ocrx_word' id='word_1_130' title='bbox 850 1684 1021 1726; x_wconf 88' lang='lat' dir='ltr'>narret</span> <span class='ocrx_word' id='word_1_131' title='bbox 1057 1677 1230 1725; x_wconf 91' lang='lat' dir='ltr'>Livius</span> <span class='ocrx_word' id='word_1_132' title='bbox 1268 1677 1512 1726; x_wconf 90' lang='lat' dir='ltr'>acriorem</span> <span class='ocrx_word' id='word_1_133' title='bbox 1548 1676 1706 1724; x_wconf 88' lang='lat' dir='ltr'>fuisse</span> <span class='ocrx_word' id='word_1_134' title='bbox 1745 1693 2042 1724; x_wconf 87' lang='lat' dir='ltr'>concursum</span> <span class='ocrx_word' id='word_1_135' title='bbox 2079 1694 2227 1741; x_wconf 90' lang='lat' dir='ltr'>quam</span> 
     </span>
     <span class='ocr_line' id='line_1_17' title="bbox 303 1765 2229 1833; baseline 0 -19"><span class='ocrx_word' id='word_1_136' title='bbox 303 1765 466 1832; x_wconf 84' lang='lat' dir='ltr'>ipsam</span> <span class='ocrx_word' id='word_1_137' title='bbox 520 1766 727 1816; x_wconf 90' lang='lat' dir='ltr'>caedem</span> <span class='ocrx_word' id='word_1_138' title='bbox 783 1773 834 1816; x_wconf 92' lang='lat' dir='ltr'>et</span> <span class='ocrx_word' id='word_1_139' title='bbox 888 1774 1152 1833; x_wconf 87' lang='lat' dir='ltr'>aequatam</span> <span class='ocrx_word' id='word_1_140' title='bbox 1196 1767 1353 1816; x_wconf 88' lang='lat' dir='ltr'>ferme</span> <span class='ocrx_word' id='word_1_141' title='bbox 1390 1783 1611 1833; x_wconf 84' lang='lat' dir='ltr'>pugnam</span> <span class='ocrx_word' id='word_1_142' title='bbox 1649 1774 1700 1815; x_wconf 89' lang='lat' dir='ltr'>et</span> <span class='ocrx_word' id='word_1_143' title='bbox 1737 1765 1931 1831; x_wconf 89' lang='lat' dir='ltr'>cladem</span> <span class='ocrx_word' id='word_1_144' title='bbox 1967 1782 2141 1832; x_wconf 92' lang='lat' dir='ltr'>parem</span> <span class='ocrx_word' id='word_1_145' title='bbox 2178 1773 2229 1814; x_wconf 90' lang='lat' dir='ltr'>et</span> 
     </span>
     <span class='ocr_line' id='line_1_18' title="bbox 304 1850 2229 1926; baseline 0 -20"><span class='ocrx_word' id='word_1_146' title='bbox 304 1855 366 1907; x_wconf 89' lang='lat' dir='ltr'>ab</span> <span class='ocrx_word' id='word_1_147' title='bbox 421 1863 599 1908; x_wconf 91' lang='lat' dir='ltr'>neutra</span> <span class='ocrx_word' id='word_1_148' title='bbox 651 1864 794 1925; x_wconf 90' lang='lat' dir='ltr'>parte</span> <span class='ocrx_word' id='word_1_149' title='bbox 832 1858 1080 1909; x_wconf 88' lang='lat' dir='ltr'>sescentis</span> <span class='ocrx_word' id='word_1_150' title='bbox 1117 1857 1230 1926; x_wconf 90' lang='lat' dir='ltr'>plus</span> <span class='ocrx_word' id='word_1_151' title='bbox 1267 1857 1522 1925; x_wconf 89' lang='lat' dir='ltr'>peditibus</span> <span class='ocrx_word' id='word_1_152' title='bbox 1560 1864 1611 1908; x_wconf 90' lang='lat' dir='ltr'>et</span> <span class='ocrx_word' id='word_1_153' title='bbox 1646 1856 1905 1907; x_wconf 90' lang='lat' dir='ltr'>dimidium</span> <span class='ocrx_word' id='word_1_154' title='bbox 1943 1850 2065 1907; x_wconf 43' lang='lat' dir='ltr'>eius*</span> <span class='ocrx_word' id='word_1_155' title='bbox 2089 1855 2229 1922; x_wconf 92' lang='lat' dir='ltr'>equi-</span> 
     </span>
     <span class='ocr_line' id='line_1_19' title="bbox 302 1947 2229 2014; baseline 0.001 -18"><span class='ocrx_word' id='word_1_156' title='bbox 302 1953 408 1996; x_wconf 90' lang='lat' dir='ltr'>tum</span> <span class='ocrx_word' id='word_1_157' title='bbox 462 1948 726 2012; x_wconf 87' lang='lat' dir='ltr'>cecidisse,</span> <span class='ocrx_word' id='word_1_158' title='bbox 771 1949 941 1998; x_wconf 90' lang='lat' dir='ltr'>verbis</span> <span class='ocrx_word' id='word_1_159' title='bbox 980 1967 1107 2014; x_wconf 91' lang='lat' dir='ltr'>quae</span> <span class='ocrx_word' id='word_1_160' title='bbox 1145 1949 1450 1998; x_wconf 88' lang='lat' dir='ltr'>antecedunt</span> <span class='ocrx_word' id='word_1_161' title='bbox 1486 1948 1732 2014; x_wconf 76' lang='lat' dir='ltr'>corruptis</span> <span class='ocrx_word' id='word_1_162' title='bbox 1770 1955 1979 2014; x_wconf 88' lang='lat' dir='ltr'>apparet</span> <span class='ocrx_word' id='word_1_163' title='bbox 2016 1947 2229 2013; x_wconf 90' lang='lat' dir='ltr'>scripto-</span> 
     </span>
     <span class='ocr_line' id='line_1_20' title="bbox 304 2038 2229 2106; baseline 0 -19"><span class='ocrx_word' id='word_1_164' title='bbox 304 2056 412 2087; x_wconf 91' lang='lat' dir='ltr'>rem</span> <span class='ocrx_word' id='word_1_165' title='bbox 447 2038 573 2088; x_wconf 87' lang='lat' dir='ltr'>haec</span> <span class='ocrx_word' id='word_1_166' title='bbox 610 2038 717 2088; x_wconf 87' lang='lat' dir='ltr'>fere</span> <span class='ocrx_word' id='word_1_167' title='bbox 753 2039 977 2089; x_wconf 89' lang='lat' dir='ltr'>voluisse</span> <span class='ocrx_word' id='word_1_168' title='bbox 1015 2040 1207 2089; x_wconf 88' lang='lat' dir='ltr'>dicere:</span> <span class='ocrx_word' id='word_1_169' title='bbox 1248 2040 1290 2089; x_wconf 89' lang='lat' dir='ltr'>si</span> <span class='ocrx_word' id='word_1_170' title='bbox 1325 2040 1525 2106; x_wconf 84' lang='lat' dir='ltr'>longior</span> <span class='ocrx_word' id='word_1_171' title='bbox 1560 2039 1742 2088; x_wconf 90' lang='lat' dir='ltr'>fuisset</span> <span class='ocrx_word' id='word_1_172' title='bbox 1779 2039 1904 2102; x_wconf 90' lang='lat' dir='ltr'>dies,</span> <span class='ocrx_word' id='word_1_173' title='bbox 1942 2056 2117 2105; x_wconf 88' lang='lat' dir='ltr'>parem</span> <span class='ocrx_word' id='word_1_174' title='bbox 2153 2038 2229 2087; x_wconf 90' lang='lat' dir='ltr'>fu—</span> 
     </span>
     <span class='ocr_line' id='line_1_21' title="bbox 306 2130 2230 2197; baseline 0 -19"><span class='ocrx_word' id='word_1_175' title='bbox 306 2137 468 2179; x_wconf 90' lang='lat' dir='ltr'>turam</span> <span class='ocrx_word' id='word_1_176' title='bbox 505 2131 664 2180; x_wconf 82' lang='lat' dir='ltr'>fuisse</span> <span class='ocrx_word' id='word_1_177' title='bbox 700 2131 976 2197; x_wconf 89' lang='lat' dir='ltr'>perniciem</span> <span class='ocrx_word' id='word_1_178' title='bbox 1012 2139 1064 2180; x_wconf 90' lang='lat' dir='ltr'>et</span> <span class='ocrx_word' id='word_1_179' title='bbox 1101 2132 1438 2180; x_wconf 88' lang='lat' dir='ltr'>Romanorum</span> <span class='ocrx_word' id='word_1_180' title='bbox 1475 2138 1527 2180; x_wconf 90' lang='lat' dir='ltr'>et</span> <span class='ocrx_word' id='word_1_181' title='bbox 1564 2131 1865 2193; x_wconf 89' lang='lat' dir='ltr'>Poenorum,</span> <span class='ocrx_word' id='word_1_182' title='bbox 1904 2147 2003 2195; x_wconf 86' lang='lat' dir='ltr'>qua</span> <span class='ocrx_word' id='word_1_183' title='bbox 2037 2147 2092 2178; x_wconf 91' lang='lat' dir='ltr'>re</span> <span class='ocrx_word' id='word_1_184' title='bbox 2131 2130 2230 2179; x_wconf 91' lang='lat' dir='ltr'>cla-</span> 
     </span>
     <span class='ocr_line' id='line_1_22' title="bbox 302 2219 2232 2289; baseline -0.001 -18"><span class='ocrx_word' id='word_1_185' title='bbox 302 2220 552 2271; x_wconf 89' lang='lat' dir='ltr'>rissimam</span> <span class='ocrx_word' id='word_1_186' title='bbox 607 2221 826 2272; x_wconf 89' lang='lat' dir='ltr'>omnium</span> <span class='ocrx_word' id='word_1_187' title='bbox 882 2221 1097 2273; x_wconf 89' lang='lat' dir='ltr'>evadere</span> <span class='ocrx_word' id='word_1_188' title='bbox 1145 2221 1373 2289; x_wconf 86' lang='lat' dir='ltr'>potuisse</span> <span class='ocrx_word' id='word_1_189' title='bbox 1408 2237 1645 2288; x_wconf 87' lang='lat' dir='ltr'>pugnam.</span> <span class='ocrx_word' id='word_1_190' title='bbox 1721 2219 2044 2270; x_wconf 90' lang='lat' dir='ltr'>scribendum</span> <span class='ocrx_word' id='word_1_191' title='bbox 2080 2219 2232 2287; x_wconf 84' lang='lat' dir='ltr'>igitur</span> 
     </span>
     <span class='ocr_line' id='line_1_23' title="bbox 304 2312 1233 2380; baseline 0 -17"><span class='ocrx_word' id='word_1_192' title='bbox 304 2329 490 2364; x_wconf 90' lang='lat' dir='ltr'>censeo</span> <span class='ocrx_word' id='word_1_193' title='bbox 526 2312 683 2364; x_wconf 89' lang='lat' dir='ltr'>misso</span> <span class='ocrx_word' id='word_1_194' title='bbox 722 2314 890 2380; x_wconf 69' lang='lat' dir='ltr'>mayis</span> <span class='ocrx_word' id='word_1_195' title='bbox 925 2313 1022 2364; x_wconf 92' lang='lat' dir='ltr'>hoc</span> <span class='ocrx_word' id='word_1_196' title='bbox 1058 2312 1233 2363; x_wconf 90' lang='lat' dir='ltr'>modo:</span> 
     </span>
    </p>

    <p class='ocr_par' dir='ltr' id='par_1_5' title="bbox 288 2405 2234 2566">
     <span class='ocr_line' id='line_1_24' title="bbox 433 2405 2234 2472; baseline -0.002 -16"><span class='ocrx_word' id='word_1_197' title='bbox 433 2424 621 2472; x_wconf 65' lang='lat' dir='ltr'>pugna</span> <span class='ocrx_word' id='word_1_198' title='bbox 657 2423 781 2455; x_wconf 80' lang='lat' dir='ltr'>raro</span> <span class='ocrx_word' id='word_1_199' title='bbox 821 2407 932 2456; x_wconf 79' lang='lat' dir='ltr'>ulla</span> <span class='ocrx_word' id='word_1_200' title='bbox 969 2413 1239 2470; x_wconf 79' lang='lat' dir='ltr'>aequata</span> <span class='ocrx_word' id='word_1_201' title='bbox 1276 2407 1536 2469; x_wconf 75' lang='lat' dir='ltr'>utriusque</span> <span class='ocrx_word' id='word_1_202' title='bbox 1562 2407 1738 2472; x_wconf 79' lang='lat' dir='ltr'>partis</span> <span class='ocrx_word' id='word_1_203' title='bbox 1768 2406 2001 2471; x_wconf 78' lang='lat' dir='ltr'>pernicie</span> <span class='ocrx_word' id='word_1_204' title='bbox 2035 2405 2234 2454; x_wconf 78' lang='lat' dir='ltr'>clarior</span> 
     </span>
     <span class='ocr_line' id='line_1_25' title="bbox 288 2499 494 2566; baseline -0.01 -17"><span class='ocrx_word' id='word_1_205' title='bbox 288 2499 494 2566; x_wconf 76' lang='lat' dir='ltr'>suisset.</span> 
     </span>
    </p>

    <p class='ocr_par' dir='ltr' id='par_1_6' title="bbox 303 2588 2235 3021">
     <span class='ocr_line' id='line_1_26' title="bbox 441 2588 2232 2658; baseline -0.001 -20"><span class='ocrx_word' id='word_1_206' title='bbox 441 2588 527 2638; x_wconf 84' lang='lat' dir='ltr'>vix</span> <span class='ocrx_word' id='word_1_207' title='bbox 582 2606 884 2656; x_wconf 89' lang='lat' dir='ltr'>quemquam</span> <span class='ocrx_word' id='word_1_208' title='bbox 937 2597 1059 2658; x_wconf 90' lang='lat' dir='ltr'>puto</span> <span class='ocrx_word' id='word_1_209' title='bbox 1114 2607 1302 2657; x_wconf 85' lang='lat' dir='ltr'>negare</span> <span class='ocrx_word' id='word_1_210' title='bbox 1358 2589 1422 2640; x_wconf 87' lang='lat' dir='ltr'>de</span> <span class='ocrx_word' id='word_1_211' title='bbox 1476 2595 1741 2655; x_wconf 90' lang='lat' dir='ltr'>aequata</span> <span class='ocrx_word' id='word_1_212' title='bbox 1775 2588 2036 2654; x_wconf 90' lang='lat' dir='ltr'>utriusque</span> <span class='ocrx_word' id='word_1_213' title='bbox 2074 2588 2232 2655; x_wconf 89' lang='lat' dir='ltr'>partis</span> 
     </span>
     <span class='ocr_line' id='line_1_27' title="bbox 303 2678 2231 2747; baseline 0 -19"><span class='ocrx_word' id='word_1_214' title='bbox 303 2678 580 2746; x_wconf 89' lang='lat' dir='ltr'>pernicie</span> <span class='ocrx_word' id='word_1_215' title='bbox 616 2679 786 2746; x_wconf 88' lang='lat' dir='ltr'>potius</span> <span class='ocrx_word' id='word_1_216' title='bbox 823 2681 906 2747; x_wconf 82' lang='lat' dir='ltr'>agi</span> <span class='ocrx_word' id='word_1_217' title='bbox 944 2699 1092 2747; x_wconf 87' lang='lat' dir='ltr'>quam</span> <span class='ocrx_word' id='word_1_218' title='bbox 1129 2681 1193 2731; x_wconf 92' lang='lat' dir='ltr'>de</span> <span class='ocrx_word' id='word_1_219' title='bbox 1232 2681 1477 2731; x_wconf 82' lang='lat' dir='ltr'>saevitate</span> <span class='ocrx_word' id='word_1_220' title='bbox 1514 2687 1599 2730; x_wconf 90' lang='lat' dir='ltr'>aut</span> <span class='ocrx_word' id='word_1_221' title='bbox 1635 2697 1798 2745; x_wconf 89' lang='lat' dir='ltr'>aequa</span> <span class='ocrx_word' id='word_1_222' title='bbox 1832 2679 1993 2745; x_wconf 91' lang='lat' dir='ltr'>ipsius</span> <span class='ocrx_word' id='word_1_223' title='bbox 2030 2697 2231 2745; x_wconf 83' lang='lat' dir='ltr'>pugnae</span> 
     </span>
     <span class='ocr_line' id='line_1_28' title="bbox 306 2770 2233 2838; baseline 0 -18"><span class='ocrx_word' id='word_1_224' title='bbox 306 2778 458 2833; x_wconf 86' lang='lat' dir='ltr'>sorte,</span> <span class='ocrx_word' id='word_1_225' title='bbox 517 2770 698 2836; x_wconf 92' lang='lat' dir='ltr'>quibus</span> <span class='ocrx_word' id='word_1_226' title='bbox 753 2771 822 2821; x_wconf 90' lang='lat' dir='ltr'>nil</span> <span class='ocrx_word' id='word_1_227' title='bbox 869 2790 991 2822; x_wconf 90' lang='lat' dir='ltr'>sane</span> <span class='ocrx_word' id='word_1_228' title='bbox 1029 2772 1267 2822; x_wconf 89' lang='lat' dir='ltr'>obstabat</span> <span class='ocrx_word' id='word_1_229' title='bbox 1302 2772 1544 2838; x_wconf 87' lang='lat' dir='ltr'>temporis</span> <span class='ocrx_word' id='word_1_230' title='bbox 1581 2771 1822 2821; x_wconf 87' lang='lat' dir='ltr'>brevitas.</span> <span class='ocrx_word' id='word_1_231' title='bbox 1863 2789 1974 2820; x_wconf 87' lang='lat' dir='ltr'>eam</span> <span class='ocrx_word' id='word_1_232' title='bbox 2012 2771 2076 2820; x_wconf 93' lang='lat' dir='ltr'>ob</span> <span class='ocrx_word' id='word_1_233' title='bbox 2125 2789 2233 2820; x_wconf 93' lang='lat' dir='ltr'>rem</span> 
     </span>
     <span class='ocr_line' id='line_1_29' title="bbox 304 2861 2234 2927; baseline 0 -15"><span class='ocrx_word' id='word_1_234' title='bbox 304 2862 726 2927; x_wconf 88' lang='lat' dir='ltr'>acquiescendum</span> <span class='ocrx_word' id='word_1_235' title='bbox 781 2881 883 2912; x_wconf 89' lang='lat' dir='ltr'>non</span> <span class='ocrx_word' id='word_1_236' title='bbox 937 2863 1089 2913; x_wconf 86' lang='lat' dir='ltr'>statui</span> <span class='ocrx_word' id='word_1_237' title='bbox 1143 2863 1352 2913; x_wconf 88' lang='lat' dir='ltr'>aliorum</span> <span class='ocrx_word' id='word_1_238' title='bbox 1404 2861 1647 2912; x_wconf 85' lang='lat' dir='ltr'>inventis:</span> <span class='ocrx_word' id='word_1_239' title='bbox 1706 2863 1876 2927; x_wconf 63' lang='lat' dir='ltr'>magis</span> <span class='ocrx_word' id='word_1_240' title='bbox 1932 2863 2042 2912; x_wconf 75' lang='lat' dir='ltr'>ulla</span> <span class='ocrx_word' id='word_1_241' title='bbox 2077 2880 2234 2912; x_wconf 77' lang='lat' dir='ltr'>saeva</span> 
     </span>
     <span class='ocr_line' id='line_1_30' title="bbox 303 2952 2235 3021; baseline 0.001 -19"><span class='ocrx_word' id='word_1_242' title='bbox 303 2953 510 3019; x_wconf 79' lang='lat' dir='ltr'>(aequa,</span> <span class='ocrx_word' id='word_1_243' title='bbox 550 2955 734 3021; x_wconf 78' lang='lat' dir='ltr'>dubia)</span> <span class='ocrx_word' id='word_1_244' title='bbox 788 2962 891 3004; x_wconf 77' lang='lat' dir='ltr'>aut.</span> <span class='ocrx_word' id='word_1_245' title='bbox 948 2971 1012 3002; x_wconf 84' lang='lat' dir='ltr'>ex</span> <span class='ocrx_word' id='word_1_246' title='bbox 1064 2954 1245 3003; x_wconf 88' lang='lat' dir='ltr'>litteris</span> <span class='ocrx_word' id='word_1_247' title='bbox 1300 2955 1631 3018; x_wconf 76' lang='lat' dir='ltr'>aequatautri</span> <span class='ocrx_word' id='word_1_248' title='bbox 1668 2961 1784 3001; x_wconf 91' lang='lat' dir='ltr'>ante</span> <span class='ocrx_word' id='word_1_249' title='bbox 1825 2971 1857 3002; x_wconf 79' lang='grc' dir='ltr'>ιι</span> <span class='ocrx_word' id='word_1_250' title='bbox 1895 2952 2161 3001; x_wconf 88' lang='lat' dir='ltr'>obscurato</span> <span class='ocrx_word' id='word_1_251' title='bbox 2200 2972 2235 3003; x_wconf 83' lang='grc' dir='ltr'><em>α</em></span> 
     </span>
    </p>
   </div>
  </div>
 </body>
</html>
