2744 3760
395 1004 455 1052 In
513 998 1024 1052 VNIVERSITATE
1085 990 1758 1046 HELSINGFORSIENSI
1810 990 1990 1040 abhinc
2044 988 2187 1038 annis
2222 961 2234 967 “

263 1095 524 1145 duodecim
569 1092 774 1144 defendi
818 1090 1103 1141 tirocinium
1142 1088 1205 1137 de
1241 1087 1402 1155 primo
1443 1084 1702 1136 Ciceronis
1741 1084 1803 1132 de
1840 1083 2024 1131 finibus
2062 1082 2188 1130 libro

263 1187 613 1254 conscriptum,
650 1186 702 1235 in
740 1202 838 1251 quo
876 1183 1009 1232 inter
1045 1181 1140 1230 alia
1176 1180 1229 1228 id
1266 1179 1494 1245 agebam,
1522 1185 1578 1226 ut
1603 1176 1735 1225 illius
1763 1175 1931 1242 operis
1960 1175 2191 1239 archety-

262 1298 379 1345 pum
416 1278 615 1329 omissis
652 1275 912 1326 vocabulis
949 1272 1152 1323 minime
1189 1271 1417 1319 laborare
1456 1270 1866 1318 demonstrarem.
1914 1272 2021 1313 tum
2059 1264 2191 1312 enim

263 1369 382 1417 mihi
434 1384 781 1435 persuaseram
837 1382 900 1414 ex
953 1362 1092 1412 varia
1144 1360 1457 1410 librariorum
1510 1359 1679 1407 indole
1744 1356 1947 1422 cognita
2007 1354 2194 1418 aliquid

264 1477 415 1526 posse
478 1459 541 1508 ad
602 1455 946 1507 emendandos
1010 1460 1212 1502 veteres
1264 1451 1419 1499 libros
1475 1448 1643 1498 auxilii
1698 1447 1841 1509 sumi,
1896 1444 2194 1511 praesertim

267 1568 377 1600 cum
412 1568 512 1600 non
549 1549 611 1599 de
650 1547 861 1614 singulis
907 1545 1119 1609 voculis,
1164 1543 1362 1606 litteris,
1408 1541 1553 1590 lineis
1597 1540 1650 1589 in
1694 1538 1919 1605 plurimis
1968 1536 2194 1584 eiusdem

268 1642 443 1691 aetatis
490 1640 747 1691 codicibus
785 1638 1014 1688 similiter
1050 1636 1156 1685 fere
1193 1633 1396 1684 mutatis
1435 1637 1756 1699 quaereretur
1780 1659 1847 1666 —-
1873 1628 2012 1677 cuius
2059 1627 2196 1675 modi

267 1734 400 1783 vitiis
447 1731 748 1782 enumeratis
794 1748 927 1779 nunc
973 1734 1171 1778 scatent
1216 1724 1464 1775 editiones
1513 1721 1713 1772 criticae
1760 1752 1826 1757 -—
1874 1717 1965 1768 sed
2012 1723 2196 1783 quanta

269 1827 320 1874 in
355 1825 667 1891 gravioribus
704 1823 856 1872 rebus
892 1819 1237 1886 neglegentia,
1277 1836 1375 1882 quo
1404 1813 1735 1880 corruptionis
1762 1829 1950 1878 genere
1978 1819 2029 1860 et
2055 1810 2197 1875 quasi

270 1934 405 1965 more
441 1916 491 1964 in
527 1915 653 1981 ipsis
691 1912 981 1979 archetypis
1018 1918 1285 1978 peccatum
1323 1915 1475 1970 esset,
1516 1923 1663 1971 quam
1701 1902 2075 1952 accuratissime
2112 1919 2197 1948 ex-

274 2015 553 2074 poneretur.
609 2022 774 2070 neque
813 2003 909 2052 alia
950 2003 1043 2051 has
1082 1999 1515 2050 adnotatiunculas
1553 1995 1821 2045 scribentis
1860 1993 1952 2041 fuit
1991 1993 2052 2041 de
2091 1992 2197 2040 uni-

274 2117 420 2148 versa
454 2116 507 2147 re
545 2096 808 2146 sententia.

412 2192 585 2256 Itaque
621 2207 782 2256 pauca
819 2219 886 2224 ——
921 2187 1066 2254 plura
1103 2185 1235 2235 enim
1272 2184 1496 2251 proferre
1535 2181 1690 2230 multa
1725 2186 1899 2228 vetant
1937 2209 1998 2214 -—
2039 2175 2200 2225 dicam

277 2286 339 2334 de
376 2281 742 2343 additamentiS,
783 2297 910 2345 quae
948 2278 1001 2326 in
1038 2277 1169 2326 Livii
1201 2277 1329 2325 libro
1367 2274 1487 2323 XXI
1525 2280 1640 2321 ante
1677 2289 1757 2320 me
1794 2270 1879 2318 vix
1916 2287 2083 2330 unum,
2123 2267 2203 2315 vel

275 2377 435 2427 dicam
480 2373 727 2423 neminem
784 2371 1022 2437 fugerunt
1074 2370 1417 2436 interpretem.
1482 2366 1551 2414 ita
1606 2364 1929 2413 fundamento
1988 2360 2202 2426 quodam

276 2464 626 2534 disputationis
673 2463 804 2511 iacto
849 2461 1118 2510 nonnullos
1165 2461 1272 2509 eius
1309 2459 1422 2508 libri
1466 2458 1605 2506 locos
1644 2439 1939 2505 commentis
1977 2451 2203 2501 librario-

276 2577 381 2609 rum
418 2573 632 2625 purgare
671 2554 892 2604 conabor
927 2554 1107 2620 hisque
1153 2553 1279 2602 alios
1326 2553 1635 2619 quacumque
1673 2548 1865 2596 ratione
1909 2552 2086 2611 potero
2127 2560 2205 2590 sa-

276 2659 421 2701 natos
459 2646 763 2697 admiscebo.

416 2922 702 2988 Madvigius
748 2921 801 2970 in
845 2918 1298 2970 Emendationibus
1345 2916 1449 2967 suis
1497 2913 1737 2977 Livianis‚
1797 2931 2004 2978 quarum
2051 2908 2213 2960 famae

280 3019 401 3067 nihil
445 3033 557 3064 mea
600 3014 747 3062 laude
804 3013 921 3060 addi
974 3019 1160 3078 potest,
1215 3009 1453 3058 nonnulla
1509 3005 1821 3055 enumeravit
1875 3003 2216 3053 additamenta
