2744 3760
1128 93 1403 129 *13—

442 210 564 260 xxl
600 208 716 270 205».
791 211 861 260 ita
912 207 1193 277 peragratis
1248 207 1556 274 Hispania
1611 206 1815 259 Gallia
1850 189 2223 273 populisque

308 304 464 373 legati
502 303 709 352 Romam
744 304 957 353 redeunt
991 300 1126 350 haud
1161 300 1232 349 ita
1266 300 1421 348 multo
1455 308 1568 366 post
1594 317 1741 366 quam
1767 298 1999 348 consules
2023 297 2075 347 in
2105 314 2222 363 pro-

306 396 500 447 vincias
536 395 750 462 profecti
786 404 942 445 erant.
982 393 1235 442 civitatem
1273 409 1471 442 omnem
1506 392 1565 441 in
1602 391 2076 458 exspectatione
2103 388 2222 439 belli

309 494 528 538 erectam
580 484 895 549 invenerunt,
951 483 1073 533 satis
1129 490 1392 534 constante
1436 482 1568 532 fama
1601 483 1701 532 iam
1739 481 1983 530 Hiberum
2019 482 2219 530 Poenos

307 576 600 631 tramisisse.

442 669 612 719 Verba
647 668 821 735 optimi
858 667 1045 718 codicis
1083 667 1309 732 Puteani,
1347 667 1443 718 hoc
1478 666 1590 718 loco
1628 665 1831 730 servati,
1859 666 2103 733 exscripsi
2127 683 2219 717 nec

307 759 673 811 adfirmaverim
708 760 866 826 ipsius
904 759 1034 809 Livii
1069 777 1171 808 non
1208 776 1339 822 esse,
1377 757 1570 807 collatis
1606 756 1902 824 praesertim
1940 774 2066 823 quae
2106 765 2221 806 sunt

306 851 409 902 Cic.
447 870 586 918 prov.
626 852 815 901 consul.
859 854 984 920 13,ae
1021 867 1149 914 quas
1186 853 1417 916 regiones
1453 866 1676 915 quasque
1692 851 1858 916 gentis
1879 851 2052 900 nullae
2077 852 2221 899 nobis

304 952 459 995 antea
514 945 725 1004 litterae,
784 942 931 991 nulla
974 958 1095 1013 coae,
1134 941 1282 992 nulla
1300 941 1463 1010 sama
1500 949 1648 993 notas
1667 942 1889 1010 fecerat,
1928 958 2014 992 eas
2053 948 2221 992 noster

306 1038 585 1105 imperator
637 1041 900 1099 nosterque
935 1036 1189 1085 eoeercitus
1225 1042 1270 1085 et
1296 1036 1485 1103 populi
1519 1036 1752 1085 Romani
1788 1051 1942 1084 arma
1968 1051 2221 1102 peragra-

304 1135 436 1179 runt.
511 1126 582 1175 Ρ2
637 1126 875 1193 scriptum
930 1133 1009 1176 est
1059 1128 1360 1194 Hispaniae
1413 1135 1458 1177 et
1496 1129 1706 1178 Galliae
1732 1129 1963 1195 populiS,
2003 1127 2221 1176 Luchsio

301 1227 575 1287 praeeunte
618 1219 671 1269 in
717 1219 1021 1270 editionibus
1066 1220 1365 1287 Hispaniae
1409 1221 1713 1285 Galliaeque
1746 1221 1974 1288 populis.
2048 1237 2221 1269 verum

304 1319 407 1361 tam
460 1312 593 1361 nude
647 1311 815 1377 posita
842 1313 1147 1378 peragratis
1176 1313 1389 1378 populis
1425 1311 1637 1361 maxime
1676 1301 1897 1361 omnium
1936 1311 2218 1377 displicent,

304 1410 355 1453 et
392 1402 672 1468 elegantius
712 1400 913 1450 Curtius
951 1400 1022 1450 VI
1061 1405 1106 1464 2,
1149 1404 1242 1466 6,ae
1275 1403 1438 1453 Indos
1474 1410 1622 1467 atque
1659 1404 1842 1454 ultima
1879 1405 2089 1453 orientis
2105 1419 2218 1470 per-

302 1510 508 1560 ayrare.
582 1494 751 1558 itaque
806 1501 891 1541 aut
943 1493 1125 1541 tradita
1177 1494 1333 1542 verba
1369 1494 1617 1543 servanda
1654 1502 1772 1543 sunt
1808 1503 1893 1543 aut
1930 1512 1994 1543 ex
2032 1494 2098 1542 ΡΙ
2140 1512 2217 1543 re-

299 1583 432 1633 iecto
461 1584 772 1651 populisque
807 1583 1091 1649 asyndeton
1126 1584 1219 1633 hac
1255 1584 1308 1632 in
1344 1600 1397 1633 re
1431 1584 1564 1632 haud
1600 1585 1847 1633 absonum
1873 1585 2214 1632 statuendum:

428 1676 733 1742 peragratis
769 1676 1097 1742 Hispania
1136 1677 1358 1726 Gallia
1396 1678 1552 1741 legati·
1587 1679 1814 1726 Romam
1852 1677 2075 1726 redeunt.

438 1857 498 1907 In
552 1856 878 1923 sequentibus
927 1859 994 1919 in,
1033 1857 1167 1923 quod
1201 1858 1253 1907 in
1292 1858 1330 1907 P
1369 1866 1447 1908 est
1483 1866 1598 1908 ante
1635 1861 2031 1926 eoespectatione,
2072 1859 2215 1908 omit-

296 1957 431 2012 tunt;
486 1949 634 2016 paulo
672 1948 955 2016 expeditius
991 1956 1160 2000 tamen
1196 1950 1290 2000 erit
1328 1953 1388 2001 in
1425 1953 1975 2018 exspectationem,
2014 1969 2128 2001 nam
2166 1959 2215 2000 et

298 2041 381 2091 alii
418 2049 469 2091 et
505 2041 678 2091 Livius
718 2042 770 2091 in
807 2059 945 2109 spem
986 2043 1119 2108 eri9i
1154 2041 1400 2107 dixerunt,
1440 2050 1491 2093 et
1524 2050 1580 2092 ut
1615 2060 1718 2111 spe,
1756 2043 1827 2092 ita
1861 2061 1963 2093 non
2001 2044 2109 2093 sola
2133 2061 2216 2095 εω-

296 2136 607 2202 spectatione
642 2133 892 2200 erigimur.

431 2408 553 2457 XXI
589 2410 723 2470 21‚10.
800 2412 919 2461 inde
962 2413 1200 2479 partiens
1237 2429 1392 2462 curas
1427 2414 1580 2462 simul
1618 2414 1671 2462 in
1711 2414 2031 2481 inferendum
2067 2422 2216 2478 atque

294 2500 576 2551 arcendum
629 2504 829 2566 bellum,
887 2521 962 2566 ne,
1001 2504 1124 2555 dum
1180 2506 1286 2573 ipse
1330 2506 1555 2554 terrestri
1579 2521 1681 2572 per
1715 2506 2039 2573 Hispaniam
2079 2506 2213 2555 Gal-

295 2591 566 2656 liamque
638 2596 818 2647 itinere
878 2598 1095 2648 Italiam
1152 2605 1358 2666 peteret,
1417 2599 1559 2649 nuda
1618 2606 1898 2667 apertaque
1956 2600 2214 2649 Romanis

292 2684 483 2753 Africa
519 2686 584 2735 ab
620 2686 811 2738 Sicilia
846 2696 984 2751 esset,
1023 2691 1201 2741 valido
1229 2691 1502 2758 praesidio
1524 2691 1753 2759 firmare
1787 2708 1901 2741 eam
1936 2693 2125 2742 statuit.

434 2778 737 2843 Galliasque
789 2796 853 2828 ex
907 2780 976 2829 P²
1031 2781 1202 2846 edunt,
1258 2782 1350 2832 sed
1395 2783 1625 2849 quoniam
1661 2783 1797 2833 nulla
1833 2784 2011 2833 subest
2047 2801 2212 2848 causa,

294 2883 381 2915 cur
415 2869 636 2918 varietur
670 2889 907 2920 numerus
944 2873 1201 2922 nominum
1236 2882 1495 2939 terrarum,
1535 2893 1596 2924 ex
1635 2875 1699 2923 P¹
1732 2877 2097 2943 (galliamsque)
2122 2896 2212 2943 po-

291 2957 389 3008 tius
447 2961 853 3029 Galliamque
905 2965 1104 3014 videtur
1159 2966 1481 3017 scribendum
1536 2984 1664 3017 0880.
1740 2969 1984 3019 concinne
2031 2977 2083 3018 et
2117 2970 2212 3019 hoc
